4458 6674
422 683 482 762 148
895 683 987 732 ncta
1008 684 1130 734 rumen
1149 683 1285 735 uectus,
1306 685 1495 734 ruocsusrs

418 895 686 977 Zabrzeszynsky
718 895 759 958 ab
791 897 1033 975 impericione..
1071 896 1195 976 prelata
1232 894 1467 958 absolvendum
1504 898 1606 959 lore..
1643 917 1739 977 quem
1775 896 1974 960 absolvimus

417 1003 647 1083 silencinmque
680 1015 872 1084 perpetuum
906 1003 1010 1064 eidem
1035 1001 1098 1062 dne
1123 1001 1247 1064 Itamile
1272 1004 1444 1064 occasione
1478 1005 1671 1066 matrimonii
1700 1003 1849 1085 prelati..
1874 1007 1974 1082 impo-

418 1131 557 1174 rumus..

632 1305 673 1366 A.
705 1317 794 1382 1510,
822 1303 944 1382 Aprilis
970 1320 1019 1378 22,
1044 1304 1074 1364 in
1099 1305 1293 1366 consistorio
1318 1303 1473 1366 Plocensi.

525 1425 615 1492 314.
652 1429 751 1503 (Acta
775 1427 866 1489 offici.
891 1427 967 1508 Ha).
1008 1427 1211 1508 Comparens
1236 1429 1450 1508 personaliter
1475 1449 1583 1489 coram
1609 1427 1674 1489 dno
1700 1428 1837 1491 Olsrciali
1861 1429 1974 1493 honor.

418 1537 577 1598 Martinus
602 1535 760 1614 plebanus
778 1537 807 1594 in
826 1533 970 1614 Szyleorz
996 1535 1227 1596 satisfaciendo
1251 1538 1390 1596 termino
1414 1537 1455 1596 ad
1473 1535 1738 1616 respondendum
1757 1540 1975 1617 proposicioni

419 1644 547 1705 discreti
574 1642 707 1704 Andree
740 1643 781 1704 de
807 1643 961 1702 llorzevvo
987 1641 1124 1702 clerici..
1149 1641 1312 1720 allegavit,
1347 1642 1434 1722 quod
1460 1643 1530 1721 ipse
1555 1643 1784 1706 satisfaciendo
1820 1646 1975 1708 mandato

419 1763 451 1812 et
476 1752 607 1812 decreto
633 1749 706 1809 Rmi
724 1748 778 1808 dni
796 1749 920 1810 lirasmi
947 1749 1091 1828 episcopi
1116 1748 1280 1810 Plocensis.
1306 1753 1335 1808 in
1361 1749 1515 1810 sinodo
1540 1749 1626 1810 lacto
1650 1751 1788 1812 eundern
1807 1753 1974 1813 Andream

419 1869 557 1937 protunc
581 1857 759 1917 ministrum
786 1855 921 1916 ecclesie
947 1877 1003 1916 sne
1028 1867 1163 1935 propter
1187 1857 1307 1918 multos
1332 1877 1486 1917 excessus
1510 1877 1568 1937 per
1592 1859 1697 1938 ipsum
1723 1857 1827 1919 iactos
1851 1861 1883 1920 in
1907 1881 1975 1940 per·

420 1965 577 2026 cuciendo
603 1977 635 2026 et
660 1963 892 2025 contendendo
924 1965 956 2023 in
981 1964 1122 2024 tabernis
1155 1983 1227 2024 curn
1253 1965 1340 2024 laicis
1366 1965 1394 2022 in
1421 1965 1663 2025 committendis
1696 1965 1780 2025 circa
1804 1966 1974 2028 ecclesiam

419 2073 628 2152 negligenciis
661 2081 693 2132 et
719 2082 854 2150 propter
887 2070 1142 2131 inobedienciam
1170 2071 1348 2132 licenciavit
1373 2071 1480 2132 soluto
1506 2071 1662 2150 imprimis
1686 2073 1753 2136 sibi.
1787 2073 1874 2151 quod
1904 2093 1978 2152 pro·

420 2181 545 2239 meruit.
572 2177 613 2238 Et
631 2177 856 2238 nichilominus
880 2177 965 2237 idem
992 2177 1150 2255 plebanus
1174 2188 1288 2238 contra
1313 2179 1416 2258 ipsurn
1435 2176 1602 2238 Andream
1629 2180 1888 2240 reconveniendo
1906 2201 1976 2259 pro·

419 2287 527 2366 posuit
552 2283 662 2358 verbu,
695 2285 767 2362 quia
793 2285 862 2364 ipse
894 2293 1008 2364 aperta
1032 2305 1104 2346 sera
1129 2305 1265 2354 camere.
1299 2288 1328 2346 in
1355 2305 1417 2364 qua
1443 2286 1629 2347 morabatur
1663 2287 1807 2346 minister
1839 2288 1977 2350 ecclesie

418 2393 448 2453 in
474 2389 627 2472 Szylrorz,
661 2395 846 2471 exportavit
871 2411 985 2452 omnes
1010 2401 1043 2452 et
1068 2391 1210 2472 singulas
1234 2413 1285 2452 res
1310 2392 1363 2452 dni
1390 2391 1519 2470 plebani
1544 2391 1662 2454 ibidem
1686 2403 1867 2468 contentae,
1892 2396 1977 2456 vide·

419 2499 494 2562 licet
517 2499 670 2572 butirum,
695 2517 821 2568 carnes,
851 2501 993 2570 cusinos,
1026 2499 1212 2559 linteamina
1244 2508 1276 2560 et
1300 2500 1359 2558 alia
1385 2511 1562 2560 stramenta
1588 2500 1618 2559 in
1643 2501 1819 2580 dampnum
1844 2513 1877 2562 et
1901 2503 1977 2562 iniu-

419 2609 497 2668 riam
521 2608 622 2685 ipsius
647 2605 783 2684 plebani,
810 2606 897 2686 quod
921 2607 1098 2685 dampnum
1124 2617 1156 2668 et
1182 2607 1326 2666 iniuriam
1351 2608 1521 2668 extimavit
1539 2607 1577 2666 ad
1596 2605 1609 2667 I
1626 2626 1834 2688 sexagenum,
1860 2618 1976 2688 petens

419 2697 524 2795 ipsum
548 2711 781 2793 condempnari
805 2713 836 2772 in
861 2711 1008 2773 eudem..

633 2903 675 2966 A.
706 2904 899 2984 1510‚.1unii
924 2919 952 2984 7,
977 2906 1008 2966 in
1034 2906 1229 2966 consistorio
1253 2904 1409 2970 Plocensi.

528 3027 617 3094 315.
642 3029 738 3110 (Acta
763 3029 845 3090 offic.
871 3029 946 3110 lla).
976 3029 1180 3112 Augustinus
1204 3042 1397 3110 procurator
1421 3033 1551 3092 nomine
1577 3031 1671 3093 olficii
1697 3043 1812 3094 contra
1835 3032 1974 3094 nobilem

419 3138 552 3200 Paulum
577 3137 841 3218 Wyerczyoszelr
866 3138 907 3197 de
932 3136 1086 3217 Lypno..
1112 3138 1263 3215 deposuit
1289 3137 1399 3208 verbo
1425 3140 1499 3218 quia
1524 3141 1593 3220 ipse
1618 3161 1705 3200 anno
1728 3151 1762 3201 et
1777 3141 1831 3200 die
1847 3140 1975 3202 certis..

420 3269 463 3310 ex
487 3245 699 3326 suggestione
723 3243 914 3306 diabolica..
940 3245 1048 3304 animo
1073 3243 1350 3324 blasphematorio
1375 3256 1408 3307 et
1433 3247 1606 3306 temerario
1630 3266 1728 3308 ausus
1752 3257 1802 3309 est
1827 3246 1976 3308 Crucilixi

420 3355 601 3434 imaginem,
640 3351 670 3410 in
695 3370 812 3428 campo
838 3351 959 3432 Lypno
992 3353 1202 3412 constitutam
1236 3363 1268 3412 et
1300 3353 1340 3413 ad
1365 3351 1522 3413 honorem
1559 3353 1617 3414 Dei
1651 3363 1683 3414 et
1715 3351 1976 3415 Christifidelium

420 3457 735 3538 contemplacionem
761 3477 798 3518 ae
822 3459 1044 3519 reverenciam
1070 3461 1229 3519 acunctis
1253 3458 1443 3521 Christianis
1467 3461 1651 3520 necessario
1675 3461 1893 3523 exhibendam
1913 3463 1977 3522 edi·

420 3567 550 3629 ficatam
584 3575 617 3626 et
640 3583 843 3644 suspensam,
874 3563 981 3643 gladio
1006 3585 1065 3625 suo
1089 3585 1199 3626 secare
1224 3575 1434 3647 secatamque
1466 3577 1499 3628 et
1523 3571 1676 3646 partitam
1710 3566 1885 3630 frustratim
1920 3589 1979 3648 per

421 3691 569 3753 campum
595 3691 751 3753 spargere
777 3680 809 3731 et
834 3673 971 3749 turpiter
996 3673 1129 3732 disicere
1154 3673 1184 3732 in
1210 3671 1271 3732 Dei
1295 3675 1531 3752 omnipotentis
1556 3695 1615 3754 per
1639 3677 1776 3736 eandem
1802 3677 1977 3754 imaginem

421 3777 592 3860 significati
625 3789 658 3840 et
683 3780 898 3858 representati
930 3789 1154 3854 contemptum
1188 3792 1219 3840 et
1251 3779 1455 3859 vilipendium
1493 3793 1525 3843 et
1557 3784 1662 3843 anime
1695 3802 1751 3842 sue
1785 3791 1975 3863 perpetuam

421 3885 681 3949 maledictionem
707 3905 744 3944 ac
763 3883 1024 3946 Christifidelium
1050 3886 1236 3947 scandalum
1262 3898 1296 3948 et
1313 3889 1497 3950 execrabile
1514 3889 1712 3968 exemplum,
1738 3900 1854 3969 petens
1870 3890 1976 3968 ipsum

422 3997 452 4055 in
478 4013 565 4075 pena
589 4003 703 4052 contra
735 3990 817 4053 tales
848 3993 1041 4054 maledictos
1072 3994 1181 4054 aiore
1214 3995 1420 4074 promulgata
1453 3997 1557 4076 puniri
1594 4005 1627 4056 et
1652 3993 1745 4057 affici.
1785 3995 1978 4058 Exadverso

423 4102 690 4182 Wyerczyoszek
716 4101 879 4180 negavit..
904 4111 936 4162 et
955 4099 1159 4180 Augustinus
1184 4111 1374 4182 procurator
1399 4101 1495 4164 oflicii
1520 4104 1635 4184 petivit
1652 4103 1869 4164 intencionem
1886 4121 1976 4164 suam

422 4209 464 4272 ad
490 4208 694 4289 probandum
720 4207 882 4268 admitti..

639 4401 680 4462 A.
710 4415 800 4480 1510,
825 4399 904 4462 Iunii
934 4418 980 4472 10,
1005 4403 1034 4460 in
1060 4402 1256 4464 consistorio
1281 4400 1434 4466 Plocensi.

530 4521 619 4590 316.
651 4525 748 4606 (Acta
773 4525 854 4586 olfic.
881 4525 955 4604 lla).
990 4526 1193 4606 Augustinus
1226 4527 1268 4588 de
1293 4527 1527 4608 Wyschegrad,
1557 4539 1749 4608 procurator
1772 4527 1825 4588 dni
1850 4526 1977 4590 Thorne

423 4633 550 4698 Ploczlei
575 4635 616 4695 de
640 4633 832 4714 Barthnyley
858 4633 1023 4695 castellani
1048 4645 1134 4696 terre
1158 4635 1331 4706 l’locensis,
1365 4646 1478 4695 contra
1503 4633 1629 4695 nobiles
1654 4633 1822 4695 Andream
1848 4633 1977 4696 Badurk

423 4742 463 4803 de
489 4741 620 4812 Ruthki,
647 4741 822 4803 Iohannem
848 4741 889 4802 de
913 4739 974 4802 alia
1001 4741 1124 4802 Ruthld
1148 4753 1181 4803 et
1199 4741 1353 4803 Mathiam
1381 4740 1498 4802 Kowal
1522 4743 1563 4802 de
1589 4740 1781 4801 Bumowo..
1808 4742 1978 4821 proposuit

422 4849 532 4920 verbe,
558 4850 633 4930 quia
650 4850 710 4927 ipsi
727 4851 959 4910 commiserunt
984 4851 1157 4928 periurium
1183 4851 1324 4912 iurantes
1354 4869 1426 4910 cum
1451 4849 1540 4910 dicto
1566 4848 1665 4909 nobili
1689 4847 1824 4908 Andrca
1847 4845 1977 4908 liadurlr

422 4958 453 5016 in
471 4957 536 5018 iure
562 4955 704 5030 seculari,
730 4957 818 5036 quod
843 4957 911 5035 ipse
930 4956 1082 5018 Andreas
1107 4958 1267 5037 quendam
1288 4955 1428 5018 nobilem
1446 4955 1616 5016 Andream
1634 4953 1780 5016 similiter
1796 4953 1837 5016 de
1854 4953 1977 5016 Ruthlri

423 5083 508 5124 nunc
532 5065 561 5122 in
580 5072 665 5123 terra
683 5063 811 5124 Prussie
828 5074 1088 5126 commorantem
1114 5079 1145 5126 et
1164 5076 1239 5124 tune
1256 5065 1424 5125 detentum
1450 5074 1482 5123 et
1499 5065 1698 5141 captivatum
1717 5063 1784 5123 sive
1801 5073 1977 5124 arestaturu

425 5191 482 5251 per
506 5173 610 5249 ipsum
635 5169 733 5230 dnum
759 5170 921 5232 Thomarn
947 5171 1158 5234 castellanum
1190 5171 1219 5230 in
1244 5183 1333 5231 certa
1357 5191 1483 5230 summa
1507 5171 1716 5250 pecuniarum
1743 5169 1891 5230 videlicet
1916 5167 1978 5230 XII

424 5276 597 5356 sexagenis
623 5296 786 5357 nunquam
804 5277 1040 5352 etideiussisset,
1067 5299 1125 5339 nec
1143 5263 1281 5338 eundem
1301 5277 1441 5338 nobilem
1461 5289 1684 5357 representare
1708 5298 1764 5338 seu
1782 5277 1977 5338 constituere

424 5387 475 5446 die
500 5396 590 5447 certo
615 5385 778 5465 pollicitus
810 5389 921 5448 fuisset
952 5407 1052 5466 seque
1078 5407 1137 5466 pro
1162 5385 1278 5446 eodem
1304 5383 1491 5464 obligasset,
1524 5386 1612 5464 quod
1638 5395 1747 5445 tamen
1771 5383 1883 5444 salsum
1909 5393 1978 5443 erat

425 5503 456 5553 et
480 5494 670 5572 oppositum
696 5495 872 5572 probabile,
906 5503 938 5554 et
963 5503 1138 5573 propterea
1172 5493 1314 5573 ipsorum
1340 5493 1521 5554 iuramento
1553 5490 1635 5552 laiso
1667 5489 1978 5570 dampnificaverunt

425 5597 564 5660 eundem
589 5601 686 5661 dnum
713 5600 874 5660 Thomam
899 5601 930 5660 in
952 5599 1012 5660 Xll
1039 5603 1213 5680 sexagenis
1238 5601 1417 5679 petivitque
1443 5600 1525 5660 idem
1552 5609 1744 5680 procurator
1768 5596 1899 5659 eosdem
1925 5617 1978 5658 no·

424 5705 504 5766 biles
535 5703 618 5767 ultra
642 5705 784 5786 dampna
817 5707 904 5768 illata
935 5707 1072 5770 insanies
1104 5708 1309 5789 pronunciari
1341 5717 1373 5767 et
1406 5709 1436 5766 in
1462 5726 1546 5785 pena
1579 5707 1705 5785 periurii
1737 5705 1976 5783 condempnari.
