4392 6672
998 689 1087 743 attur
1106 687 1185 746 1501.
1834 697 1870 761 31

313 909 414 970 modo
437 909 508 987 ipse
532 906 692 988 plebanus
714 907 745 966 in
771 925 902 968 sensum
927 906 1102 986 reprobum
1127 907 1221 970 datus
1245 925 1382 969 uxorem
1408 927 1500 970 suam
1526 907 1585 971 sibi
1609 911 1735 990 recepit
1759 929 1874 991 recep·

313 1023 447 1096 tamque
469 1015 500 1075 iu
526 1014 626 1075 domo
649 1033 709 1076 sua
732 1012 895 1094 plebanali
917 1024 1018 1085 tenet,
1050 1025 1084 1076 et
1108 1033 1169 1094 pro
1193 1034 1256 1095 qua
1281 1033 1338 1095 per
1362 1014 1462 1077 dnum
1487 1013 1661 1077 officialem
1687 1015 1869 1079 Poltovien-

313 1140 381 1182 sem
406 1131 596 1184 censuratus
627 1121 785 1201 exequias
816 1119 1006 1198 celebravit;
1038 1123 1211 1202 proposuit
1242 1123 1344 1184 eciam
1376 1131 1492 1184 contra
1522 1123 1637 1201 ipsum,
1671 1122 1759 1203 quod
1783 1141 1869 1186 anno

314 1230 465 1308 presenti,
489 1230 562 1308 ipso
586 1228 617 1288 in
634 1229 767 1289 domum
792 1245 883 1288 suam
908 1227 1014 1308 petito
1038 1237 1070 1289 et
1093 1237 1221 1301 vocato,
1245 1227 1413 1310 inculpato
1437 1249 1537 1308 super
1560 1227 1730 1302 furticinio,
1754 1229 1869 1290 iusti-

314 1335 450 1396 ciario
481 1335 522 1396 de
546 1335 646 1396 domo
670 1355 728 1396 sua
758 1334 900 1410 tradidit,
931 1343 1047 1414 petens
1078 1335 1138 1396 sibi
1162 1336 1320 1398 iusticiam
1345 1333 1422 1397 fieri.
1463 1335 1515 1398 Ex
1539 1335 1678 1400 adverso
1712 1335 1872 1418 plebanus

313 1443 455 1524 negavit,
481 1441 636 1505 Nicolaus
661 1439 787 1504 Colano
810 1441 928 1504 obtulit
952 1461 988 1504 se
1013 1442 1259 1521 probaturum..

529 1634 571 1698 Α.
601 1649 692 1714 1501,
717 1633 785 1698 Iulii
810 1647 861 1714 25,
884 1636 918 1696 in
942 1633 1118 1698 Visskowo
1142 1635 1173 1697 in
1197 1635 1285 1698 curia
1309 1637 1498 1719 episcopali.

422 1755 512 1824 202.
546 1759 643 1842 (Acta
667 1761 765 1842 episc.
790 1759 875 1840 lai..
906 1759 1064 1823 Testes
1096 1761 1289 1842 inlrascripti
1321 1781 1419 1842 super
1441 1764 1516 1838 vita,
1548 1763 1691 1826 moribus
1715 1771 1750 1824 et
1773 1763 1874 1825 conti-

315 1867 430 1930 nencia
453 1867 586 1949 plebani
609 1869 641 1928 in
665 1865 844 1930 Visskowo
868 1887 911 1928 ex
934 1865 1078 1930 officio..
1102 1869 1313 1930 examinati..
1338 1877 1372 1930 et
1396 1871 1515 1949 primo:

422 1974 584 2038 Primus
607 1975 702 2038 testis
734 1974 850 2036 nobilis
874 1973 1037 2037 lohannes
1068 1977 1110 2036 de
1134 1975 1275 2037 Ribuo..
1308 1976 1527 2057 interrogatus
1558 1978 1697 2050 devita,
1729 1978 1873 2041 moribus

314 2093 348 2145 et
372 2084 627 2146 conversacione
660 2085 773 2145 honor.
797 2081 923 2144 Nicolai
947 2081 1077 2163 plebani
1110 2085 1141 2144 in
1165 2081 1344 2146 Visskowo
1375 2093 1409 2146 et
1433 2087 1538 2164 primo
1569 2084 1611 2147 dc
1635 2085 1873 2148 incontinencia

314 2209 387 2252 cum
412 2209 470 2252 sua
494 2188 616 2252 focaria
639 2189 721 2251 dixit
746 2189 806 2252 sibi
838 2188 935 2251 nichil
958 2199 1110 2252 constare
1135 2201 1243 2271 preter
1266 2190 1307 2262 id,
1339 2190 1427 2270 quod
1460 2191 1575 2252 viderit
1598 2192 1703 2271 ipsum
1736 2191 1874 2264 insimul,

315 2296 391 2358 dum
424 2297 468 2359 ibi
493 2297 586 2359 testis
619 2295 689 2365 fuit,
723 2299 753 2359 in
786 2297 964 2358 collacione
999 2296 1125 2359 sedere.
1165 2295 1316 2359 Preterea
1346 2298 1429 2359 dixit
1453 2307 1610 2377 quantum
1643 2299 1682 2359 ad
1708 2296 1872 2370 focariam,

315 2404 403 2484 quod
427 2422 499 2466 eam
523 2403 859 2466 incantatricem
892 2414 926 2466 et
956 2403 1263 2466 divinatricem
1304 2413 1403 2485 prout
1434 2403 1556 2484 pluries
1579 2405 1709 2478 audivit,
1742 2425 1873 2468 causam

315 2512 454 2574 sciencie
478 2509 627 2588 reddens,
651 2513 725 2592 quia
743 2511 864 2573 audivit
879 2531 898 2572 a
915 2509 1037 2572 Iacobo
1054 2508 1229 2588 Slubyczki
1253 2521 1287 2573 et
1303 2511 1445 2574 Martiuo
1462 2511 1672 2575 Wausowslri
1692 2513 1872 2593 capitaneis

316 2619 402 2681 dicte
426 2619 525 2680 clavis
548 2616 800 2693 Visskovieusis,
825 2619 879 2698 qui
903 2628 979 2680 sunt
1003 2620 1174 2698 conquesti
1197 2621 1315 2699 sepius
1340 2619 1428 2700 quod
1452 2619 1524 2700 ipsa
1539 2639 1658 2682 vaccas
1681 2621 1873 2684 incantacio-

316 2724 410 2786 nibus
433 2702 688 2807 suis⁸coegisset
710 2727 847 2788 currisse
879 2725 920 2786 de
943 2729 1031 2787 curia
1054 2723 1230 2806 episcopali
1263 2725 1305 2787 ad
1337 2729 1458 2788 curiam
1487 2724 1699 2804 plebanalem.
1736 2725 1873 2789 interro·

316 2841 412 2912 gatus
436 2833 476 2894 de
501 2832 679 2896 sobrietate
710 2831 856 2912 plebani,
889 2833 980 2904 dixit,
1012 2833 1100 2913 quod
1124 2832 1301 2896 inebriatur
1324 2835 1503 2904 excessivo,
1534 2835 1579 2894 ita
1604 2829 1718 2918 [quod]
1751 2853 1794 2896 ex
1817 2835 1873 2896 tali

317 2938 476 3002 ebrietate
508 2940 690 3021 prorumpit
722 2939 752 3000 in
777 2939 948 3002 verbera..
973 2959 1103 3002 causam
1136 2941 1275 3002 sciencie
1306 2938 1455 3014 reddens,
1487 2941 1563 3021 quia
1586 2943 1690 3020 ipse..
1714 2943 1747 3003 in
1772 2942 1872 3004 domo

316 3047 461 3128 germani
486 3048 534 3108 sui
558 3047 612 3108 dni
629 3046 764 3110 Andree
789 3048 894 3128 ipsum
919 3045 1082 3128 capillavit
1098 3047 1206 3110 ebrius
1223 3045 1336 3120 sactus,
1361 3055 1395 3110 et
1411 3047 1546 3109 veniens
1570 3047 1611 3109 ad
1629 3048 1761 3110 domum
1778 3051 1873 3112 testis

316 3155 444 3216 veniam
477 3154 654 3233 postulavit
684 3157 732 3216 sui
765 3174 928 3226 excessus,
960 3157 1014 3235 qui
1045 3155 1128 3216 dixit
1161 3173 1328 3216 rancorem
1361 3173 1397 3216 se
1421 3155 1635 3224 dimissurum,
1673 3176 1737 3217 non
1762 3165 1872 3220 autem

317 3261 471 3337 iniuriam,
495 3270 531 3323 et
554 3260 678 3324 addidit
702 3263 804 3334 testis,
837 3261 925 3342 quod
950 3279 1014 3322 non
1039 3259 1142 3323 semel
1164 3261 1227 3323 hoc
1252 3261 1311 3323 sibi
1336 3262 1482 3344 contigit,
1512 3262 1570 3324 sed
1594 3283 1673 3342 sepe
1697 3264 1815 3344 sepius,
1840 3275 1873 3326 et

318 3369 405 3448 quod
430 3367 534 3430 lactus
558 3369 665 3430 ebrius
690 3389 754 3431 non
772 3377 898 3432 tantum
923 3370 955 3428 in
972 3367 1109 3429 verbera
1132 3387 1243 3430 secum
1268 3369 1518 3432 consedencium
1536 3387 1660 3450 pronus
1677 3381 1735 3444 est,
1760 3391 1871 3433 verum

317 3477 418 3537 eciam
450 3478 481 3538 in
505 3475 605 3538 verba
628 3474 800 3538 inhonesta
825 3477 1007 3548 citissimus
1040 3473 1124 3537 nulla
1148 3494 1361 3556 personarum
1386 3477 1525 3538 cuiusvis
1548 3486 1654 3539 status
1684 3487 1740 3539 aut
1763 3479 1874 3540 condi·

317 3584 419 3644 cionis
448 3583 560 3645 habita
590 3585 734 3661 racione;
765 3595 798 3646 et
823 3581 944 3645 audivit
968 3584 1063 3644 testis
1087 3601 1105 3643 a
1129 3581 1257 3662 prelato
1282 3601 1439 3662 germano
1465 3602 1524 3644 suo
1548 3583 1692 3656 Andrea,
1725 3585 1813 3665 quod
1836 3585 1869 3646 in

319 3691 440 3756 Granki
466 3691 611 3754 vestibus
635 3691 792 3772 depositis
816 3691 848 3751 in
874 3709 937 3751 una
960 3691 1092 3751 camisia
1123 3709 1233 3750 coram
1258 3689 1419 3750 nonnullis
1443 3689 1592 3769 personis
1617 3689 1747 3751 feminei
1772 3710 1872 3754 sexus

317 3799 496 3863 ascendens
520 3819 640 3879 equum
664 3798 816 3861 hincinde
840 3798 999 3868 currebat,
1030 3805 1185 3877 tanquam
1211 3816 1331 3876 expers
1354 3796 1503 3858 racionis.
1542 3795 1713 3858 Postremo
1737 3799 1872 3860 interro-

317 3919 421 3988 gatus,
452 3907 479 3968 si
502 3908 689 3968 incestuose
722 3925 794 3967 cum
817 3905 926 3986 aliqua
949 3903 1169 3986 prolificasset‚
1202 3904 1372 3985 respondit
1404 3903 1463 3966 sibi
1489 3901 1585 3964 nichil
1609 3905 1689 3966 certi
1713 3917 1872 3979 constare,

317 4023 426 4093 preter
449 4015 489 4084 id,
514 4013 603 4094 quod
626 4013 784 4074 audiverit
807 4013 909 4076 adno
934 4013 1107 4093 capitaneo
1131 4012 1290 4073 moderno
1307 4009 1534 4072 Visskoviensi
1558 4011 1686 4074 venisse
1710 4011 1872 4090 quandam

317 4121 485 4202 Agnetam
510 4122 699 4194 sororinam,
723 4128 758 4181 ut
781 4121 853 4198 ipse
874 4123 930 4190 ait,
955 4117 1163 4199 Margarethe
1187 4116 1313 4180 Bladna
1338 4115 1457 4178 locarie
1482 4116 1619 4197 plebani,
1643 4120 1748 4179 nescit
1771 4119 1873 4190 testis,
1976 4147 1978 4154 v

317 4229 385 4290 sive
408 4247 564 4304 sororem,
595 4229 626 4288 in
651 4229 769 4288 curiam
795 4226 1017 4308 episcopalem
1041 4245 1127 4288 anno
1151 4228 1308 4306 preterito
1334 4220 1390 4308 [et]
1416 4223 1603 4304 querulasse
1626 4235 1742 4287 contra
1764 4224 1873 4305 pleba-

319 4356 407 4410 num,
432 4336 571 4418 qualiter
594 4355 704 4398 secum
729 4344 935 4415 procreasset
959 4343 1072 4396 contra
1097 4334 1218 4394 licitum
1243 4341 1275 4394 et
1299 4333 1349 4394 ius
1373 4330 1533 4410 naturale;
1556 4331 1618 4394 alia
1640 4331 1735 4393 nichil
1760 4333 1829 4394 scit.

424 4442 646 4507 Secundus
670 4444 765 4504 testis
791 4441 906 4503 nobilis
930 4441 1045 4503 Petrus
1070 4440 1110 4503 de
1135 4439 1246 4502 Ribno
1269 4459 1445 4521 germanus
1469 4441 1563 4520 primi
1587 4440 1714 4500 testis..
1741 4439 1873 4502 interro·

317 4563 413 4632 gatus
438 4551 577 4623 devita,
609 4551 753 4611 moribus
776 4559 810 4611 et
833 4549 1085 4610 conversacione
1118 4546 1248 4626 plebani
1280 4549 1312 4608 in
1337 4546 1547 4608 Visskowo..
1571 4547 1750 4626 respondit,
1783 4547 1872 4626 quod

317 4659 447 4730 audivit,
483 4658 652 4738 quomodo
683 4675 769 4718 auno
801 4656 959 4736 preterito
996 4655 1134 4735 quedam
1168 4653 1281 4714 mulier
1314 4663 1526 4734 apportasset
1558 4671 1655 4714 unum
1680 4673 1816 4734 puerum
1840 4655 1872 4714 in

318 4767 450 4828 suberta
474 4765 625 4846 plebano,
649 4774 683 4825 et
699 4764 774 4824 dum
792 4763 957 4825 obviasset
982 4762 1042 4823 sibi
1058 4762 1189 4842 quidam
1207 4759 1362 4822 sacerdos
1386 4769 1419 4820 et
1435 4760 1634 4834 credidisset,
1660 4761 1748 4839 quod
1765 4761 1873 4840 pisces

319 4882 474 4953 portaret,
497 4873 621 4934 invenit
646 4891 793 4950 puerum;
825 4882 859 4933 et
881 4871 1004 4933 audivit
1036 4889 1078 4931 ex
1103 4868 1188 4930 lama
1212 4867 1423 4948 plurimorum
1456 4863 1577 4938 samari,
1610 4865 1707 4928 luisse
1736 4887 1872 4947 puerum

318 4981 449 5060 plebani
474 4987 679 5062 procreatum
704 4999 746 5039 ex
765 4979 896 5059 Agneta
921 4978 1067 5040 sororina
1092 4977 1249 5038 moderna
1274 4974 1395 5036 lotarie
1421 4971 1558 5051 plebani.
1583 4973 1806 5055 Interrogatus
1830 4975 1872 5037 de

318 5086 478 5149 Blanthna
503 5085 623 5148 focaria
646 5086 776 5166 plebani
801 5085 883 5148 dixit
899 5105 934 5147 sc
950 5084 1121 5148 audivisse.
1148 5083 1314 5163 quomodo
1339 5080 1479 5160 quedam
1504 5079 1619 5140 ancilla
1643 5080 1774 5160 plebani
1798 5101 1872 5142 cou-

318 5195 495 5258 siderasset
518 5193 693 5275 plebanum
726 5213 798 5254 cum
824 5191 948 5274 prefata
972 5191 1134 5252 Blanthna
1158 5190 1262 5252 solum
1288 5209 1361 5250 cum
1385 5185 1452 5250 sola
1483 5197 1516 5248 et
1541 5187 1628 5265 quod
1653 5185 1873 5250 mandavisset

319 5301 487 5382 plebanus,
510 5311 547 5364 ut
569 5300 622 5363 illa
647 5311 786 5362 exuatur
809 5311 843 5362 et
858 5299 889 5360 id
906 5301 1011 5378 ipsum
1035 5299 1106 5378 ipsc
1130 5296 1216 5366 fecit,
1240 5308 1273 5359 et
1290 5296 1422 5358 tandem
1447 5295 1479 5354 in
1504 5291 1622 5354 lectum
1646 5295 1707 5356 sub
1724 5294 1873 5375 pulvinar

318 5429 375 5471 seu
400 5406 607 5488 plumaticam
631 5411 735 5486 ipsam
760 5407 977 5468 introeuntem
1003 5405 1162 5484 plebanus
1186 5415 1316 5465 secutus
1341 5413 1400 5474 est,
1423 5420 1489 5463 non
1513 5403 1574 5462 scit
1598 5403 1693 5463 testis
1716 5421 1760 5462 ex
1783 5411 1872 5462 certa

318 5517 467 5590 sciencia,
498 5514 556 5576 sed
579 5533 624 5575 ex
648 5533 784 5576 rumore.
810 5513 1041 5594 iuterrogatus,
1074 5531 1115 5573 an
1140 5522 1228 5573 esset
1252 5509 1447 5571 incantatrix
1470 5509 1556 5570 dicta
1581 5507 1728 5569 Blandna
1752 5508 1872 5571 focaria

319 5621 463 5703 plebani,
495 5621 664 5702 respondit
689 5641 761 5683 esse
785 5621 947 5701 publicam
973 5639 1088 5681 vocem
1114 5629 1146 5680 et
1172 5617 1300 5691 lamam,
1334 5614 1422 5695 quod
1446 5635 1484 5677 ca
1507 5624 1598 5676 esset
1620 5615 1814 5676 incantatrix
1838 5625 1872 5676 et

319 5731 406 5811 quod
430 5730 501 5810 ipsa
525 5730 709 5792 recedendo
740 5739 773 5790 et
798 5729 965 5789 licenciata
998 5746 1056 5806 per
1080 5725 1253 5806 plebanum
1286 5743 1406 5806 pecora
1437 5734 1514 5804 post
1539 5721 1641 5801 ipsam
1674 5723 1872 5802 mugiebant.

425 5860 482 5900 Actu
495 5857 645 5901 ecclesiastica.
660 5857 696 5898 111.
1732 5844 1764 5898 11
