<?xml version="1.0" encoding="UTF-8"?>
<!DOCTYPE html PUBLIC "-//W3C//DTD XHTML 1.0 Transitional//EN"
    "http://www.w3.org/TR/xhtml1/DTD/xhtml1-transitional.dtd">
<html xmlns="http://www.w3.org/1999/xhtml" xml:lang="en" lang="en">
 <head>
  <title>
</title>
<meta http-equiv="Content-Type" content="text/html;charset=utf-8" />
  <meta name='ocr-system' content='tesseract 3.04.00' />
  <meta name='ocr-capabilities' content='ocr_page ocr_carea ocr_par ocr_line ocrx_word'/>
</head>
<body>
  <div class='ocr_page' id='page_1' title='image "actacapitulorum01czubgoog_0092.png"; bbox 0 0 4392 6672; ppageno 0'>
   <div class='ocr_carea' id='block_1_1' title="bbox 444 651 1523 745">
    <p class='ocr_par' dir='ltr' id='par_1_1' title="bbox 444 651 1523 745">
     <span class='ocr_line' id='line_1_1' title="bbox 444 651 1523 745; baseline 0 -31"><span class='ocrx_word' id='word_1_1' title='bbox 444 663 485 745; x_wconf 83' lang='lat'>78</span> <span class='ocrx_word' id='word_1_2' title='bbox 922 663 1015 714; x_wconf 77' lang='lat' dir='ltr'>acra</span> <span class='ocrx_word' id='word_1_3' title='bbox 1035 658 1160 715; x_wconf 78' lang='lat' dir='ltr'>molen</span> <span class='ocrx_word' id='word_1_4' title='bbox 1175 651 1315 713; x_wconf 67' lang='lat' dir='ltr'>accras.</span> <span class='ocrx_word' id='word_1_5' title='bbox 1335 653 1523 715; x_wconf 67' lang='lat' dir='ltr'>emenusts</span> 
     </span>
    </p>
   </div>
   <div class='ocr_carea' id='block_1_2' title="bbox 1359 757 1989 770">
    <p class='ocr_par' dir='ltr' id='par_1_2' title="bbox 1359 757 1989 770">
     <span class='ocr_line' id='line_1_2' title="bbox 1359 757 1989 770; baseline 0.003 -6"><span class='ocrx_word' id='word_1_6' title='bbox 1359 757 1624 766; x_wconf 69' lang='lat'>———--—---</span> <span class='ocrx_word' id='word_1_7' title='bbox 1893 763 1989 770; x_wconf 53' lang='lat'>*—</span> 
     </span>
    </p>
   </div>
   <div class='ocr_carea' id='block_1_3' title="bbox 440 875 1998 3642">
    <p class='ocr_par' dir='ltr' id='par_1_3' title="bbox 441 875 1998 1810">
     <span class='ocr_line' id='line_1_3' title="bbox 442 875 1997 964; baseline 0.005 -26"><span class='ocrx_word' id='word_1_8' title='bbox 442 877 474 938; x_wconf 92' lang='lat' dir='ltr'>in</span> <span class='ocrx_word' id='word_1_9' title='bbox 500 876 718 938; x_wconf 86' lang='lat' dir='ltr'>monstrancia</span> <span class='ocrx_word' id='word_1_10' title='bbox 742 885 829 938; x_wconf 89' lang='lat' dir='ltr'>stare</span> <span class='ocrx_word' id='word_1_11' title='bbox 854 877 999 957; x_wconf 82' lang='lat' dir='ltr'>permisit</span> <span class='ocrx_word' id='word_1_12' title='bbox 1023 895 1126 956; x_wconf 90' lang='lat' dir='ltr'>usque</span> <span class='ocrx_word' id='word_1_13' title='bbox 1150 877 1230 938; x_wconf 80' lang='lat' dir='ltr'>citra</span> <span class='ocrx_word' id='word_1_14' title='bbox 1255 875 1510 958; x_wconf 90' lang='lat' dir='ltr'>Carnisprivium</span> <span class='ocrx_word' id='word_1_15' title='bbox 1533 877 1585 940; x_wconf 94' lang='lat' dir='ltr'>vel</span> <span class='ocrx_word' id='word_1_16' title='bbox 1603 879 1694 949; x_wconf 89' lang='lat' dir='ltr'>ultra,</span> <span class='ocrx_word' id='word_1_17' title='bbox 1718 882 1806 961; x_wconf 92' lang='lat' dir='ltr'>quod</span> <span class='ocrx_word' id='word_1_18' title='bbox 1830 885 1907 946; x_wconf 90' lang='lat' dir='ltr'>testi</span> <span class='ocrx_word' id='word_1_19' title='bbox 1932 886 1997 964; x_wconf 93' lang='lat' dir='ltr'>qui·</span> 
     </span>
     <span class='ocr_line' id='line_1_4' title="bbox 443 983 1997 1068; baseline 0.005 -22"><span class='ocrx_word' id='word_1_20' title='bbox 443 983 518 1047; x_wconf 91' lang='lat' dir='ltr'>dam</span> <span class='ocrx_word' id='word_1_21' title='bbox 551 983 665 1048; x_wconf 88' lang='lat' dir='ltr'>Petrus</span> <span class='ocrx_word' id='word_1_22' title='bbox 697 985 833 1046; x_wconf 90' lang='lat' dir='ltr'>vicarius</span> <span class='ocrx_word' id='word_1_23' title='bbox 866 995 943 1048; x_wconf 92' lang='lat' dir='ltr'>tunc</span> <span class='ocrx_word' id='word_1_24' title='bbox 975 984 1006 1045; x_wconf 91' lang='lat' dir='ltr'>in</span> <span class='ocrx_word' id='word_1_25' title='bbox 1038 983 1214 1056; x_wconf 89' lang='lat' dir='ltr'>Blichow0,</span> <span class='ocrx_word' id='word_1_26' title='bbox 1250 986 1303 1064; x_wconf 91' lang='lat' dir='ltr'>qui</span> <span class='ocrx_word' id='word_1_27' title='bbox 1336 1003 1420 1046; x_wconf 88' lang='lat' dir='ltr'>nunc</span> <span class='ocrx_word' id='word_1_28' title='bbox 1451 994 1597 1046; x_wconf 90' lang='lat' dir='ltr'>moratur</span> <span class='ocrx_word' id='word_1_29' title='bbox 1630 987 1662 1046; x_wconf 94' lang='lat' dir='ltr'>in</span> <span class='ocrx_word' id='word_1_30' title='bbox 1687 985 1818 1068; x_wconf 79' lang='lat' dir='ltr'>Luplry,</span> <span class='ocrx_word' id='word_1_31' title='bbox 1854 992 1997 1054; x_wconf 85' lang='lat' dir='ltr'>ostendit</span> 
     </span>
     <span class='ocr_line' id='line_1_5' title="bbox 443 1089 1998 1180; baseline 0.005 -28"><span class='ocrx_word' id='word_1_32' title='bbox 443 1093 564 1154; x_wconf 90' lang='lat' dir='ltr'>dicens:</span> <span class='ocrx_word' id='word_1_33' title='bbox 591 1089 702 1164; x_wconf 91' lang='lat' dir='ltr'>Vides,</span> <span class='ocrx_word' id='word_1_34' title='bbox 727 1091 803 1172; x_wconf 93' lang='lat' dir='ltr'>quid</span> <span class='ocrx_word' id='word_1_35' title='bbox 828 1101 940 1153; x_wconf 91' lang='lat' dir='ltr'>noster</span> <span class='ocrx_word' id='word_1_36' title='bbox 963 1091 1123 1172; x_wconf 90' lang='lat' dir='ltr'>plebanus</span> <span class='ocrx_word' id='word_1_37' title='bbox 1147 1091 1231 1153; x_wconf 83' lang='lat' dir='ltr'>lacit.</span> <span class='ocrx_word' id='word_1_38' title='bbox 1265 1091 1306 1152; x_wconf 87' lang='lat' dir='ltr'>Et</span> <span class='ocrx_word' id='word_1_39' title='bbox 1332 1092 1406 1153; x_wconf 90' lang='lat' dir='ltr'>dum</span> <span class='ocrx_word' id='word_1_40' title='bbox 1434 1093 1617 1156; x_wconf 82' lang='lat' dir='ltr'>visitatores</span> <span class='ocrx_word' id='word_1_41' title='bbox 1640 1095 1823 1166; x_wconf 88' lang='lat' dir='ltr'>visitabant,</span> <span class='ocrx_word' id='word_1_42' title='bbox 1848 1099 1998 1180; x_wconf 83' lang='lat' dir='ltr'><strong>nescitur,</strong></span> 
     </span>
     <span class='ocr_line' id='line_1_6' title="bbox 443 1197 1996 1280; baseline 0.005 -20"><span class='ocrx_word' id='word_1_43' title='bbox 443 1218 508 1279; x_wconf 92' lang='lat' dir='ltr'>quo</span> <span class='ocrx_word' id='word_1_44' title='bbox 531 1197 617 1260; x_wconf 92' lang='lat' dir='ltr'>illam</span> <span class='ocrx_word' id='word_1_45' title='bbox 643 1199 782 1261; x_wconf 85' lang='lat' dir='ltr'><strong>hostiam</strong></span> <span class='ocrx_word' id='word_1_46' title='bbox 808 1197 892 1260; x_wconf 88' lang='lat' dir='ltr'>fecit.</span> <span class='ocrx_word' id='word_1_47' title='bbox 932 1197 1095 1280; x_wconf 83' lang='lat' dir='ltr'><strong>Deposuit</strong></span> <span class='ocrx_word' id='word_1_48' title='bbox 1126 1199 1229 1260; x_wconf 89' lang='lat' dir='ltr'>eciam</span> <span class='ocrx_word' id='word_1_49' title='bbox 1256 1201 1357 1270; x_wconf 85' lang='lat' dir='ltr'>testis,</span> <span class='ocrx_word' id='word_1_50' title='bbox 1390 1201 1480 1280; x_wconf 92' lang='lat' dir='ltr'>quod</span> <span class='ocrx_word' id='word_1_51' title='bbox 1505 1199 1664 1278; x_wconf 89' lang='lat' dir='ltr'>plebanus</span> <span class='ocrx_word' id='word_1_52' title='bbox 1695 1201 1804 1264; x_wconf 89' lang='lat' dir='ltr'>visitat</span> <span class='ocrx_word' id='word_1_53' title='bbox 1835 1205 1996 1276; x_wconf 86' lang='lat' dir='ltr'>tabernas,</span> 
     </span>
     <span class='ocr_line' id='line_1_7' title="bbox 442 1304 1996 1391; baseline 0.004 -25"><span class='ocrx_word' id='word_1_54' title='bbox 442 1305 501 1368; x_wconf 90' lang='lat' dir='ltr'>sed</span> <span class='ocrx_word' id='word_1_55' title='bbox 526 1325 607 1376; x_wconf 85' lang='lat' dir='ltr'>raro,</span> <span class='ocrx_word' id='word_1_56' title='bbox 632 1307 787 1385; x_wconf 91' lang='lat' dir='ltr'>percuttit</span> <span class='ocrx_word' id='word_1_57' title='bbox 811 1326 846 1368; x_wconf 90' lang='lat' dir='ltr'>se</span> <span class='ocrx_word' id='word_1_58' title='bbox 871 1325 942 1368; x_wconf 92' lang='lat' dir='ltr'>cum</span> <span class='ocrx_word' id='word_1_59' title='bbox 969 1304 1130 1368; x_wconf 91' lang='lat' dir='ltr'>nobilibus</span> <span class='ocrx_word' id='word_1_60' title='bbox 1162 1315 1196 1368; x_wconf 91' lang='lat' dir='ltr'>et</span> <span class='ocrx_word' id='word_1_61' title='bbox 1220 1304 1461 1378; x_wconf 86' lang='lat' dir='ltr'>kmethonibus,</span> <span class='ocrx_word' id='word_1_62' title='bbox 1492 1309 1537 1368; x_wconf 87' lang='lat' dir='ltr'>ita</span> <span class='ocrx_word' id='word_1_63' title='bbox 1561 1309 1626 1369; x_wconf 91' lang='lat' dir='ltr'>duo</span> <span class='ocrx_word' id='word_1_64' title='bbox 1650 1310 1726 1370; x_wconf 89' lang='lat' dir='ltr'>anni</span> <span class='ocrx_word' id='word_1_65' title='bbox 1749 1319 1832 1380; x_wconf 89' lang='lat' dir='ltr'>sunt,</span> <span class='ocrx_word' id='word_1_66' title='bbox 1865 1313 1996 1391; x_wconf 88' lang='lat' dir='ltr'>quando</span> 
     </span>
     <span class='ocr_line' id='line_1_8' title="bbox 443 1411 1997 1494; baseline 0.005 -21"><span class='ocrx_word' id='word_1_67' title='bbox 443 1411 603 1492; x_wconf 83' lang='lat' dir='ltr'>quendam</span> <span class='ocrx_word' id='word_1_68' title='bbox 630 1413 748 1494; x_wconf 89' lang='lat' dir='ltr'>loseph</span> <span class='ocrx_word' id='word_1_69' title='bbox 773 1414 888 1476; x_wconf 91' lang='lat' dir='ltr'>laicum</span> <span class='ocrx_word' id='word_1_70' title='bbox 921 1413 961 1476; x_wconf 88' lang='lat' dir='ltr'>de</span> <span class='ocrx_word' id='word_1_71' title='bbox 986 1413 1167 1476; x_wconf 89' lang='lat' dir='ltr'>Chlebowo</span> <span class='ocrx_word' id='word_1_72' title='bbox 1201 1414 1231 1474; x_wconf 93' lang='lat' dir='ltr'>in</span> <span class='ocrx_word' id='word_1_73' title='bbox 1256 1413 1393 1476; x_wconf 88' lang='lat' dir='ltr'>ecclesia</span> <span class='ocrx_word' id='word_1_74' title='bbox 1425 1417 1593 1494; x_wconf 86' lang='lat' dir='ltr'>percussit,</span> <span class='ocrx_word' id='word_1_75' title='bbox 1626 1417 1701 1478; x_wconf 91' lang='lat' dir='ltr'>dum</span> <span class='ocrx_word' id='word_1_76' title='bbox 1735 1418 1875 1480; x_wconf 89' lang='lat' dir='ltr'>adeum</span> <span class='ocrx_word' id='word_1_77' title='bbox 1907 1423 1997 1480; x_wconf 90' lang='lat' dir='ltr'>venit</span> 
     </span>
     <span class='ocr_line' id='line_1_9' title="bbox 441 1517 1996 1602; baseline 0.005 -22"><span class='ocrx_word' id='word_1_78' title='bbox 441 1517 483 1580; x_wconf 90' lang='lat' dir='ltr'>ad</span> <span class='ocrx_word' id='word_1_79' title='bbox 507 1517 757 1582; x_wconf 87' lang='lat' dir='ltr'>confessionem.</span> <span class='ocrx_word' id='word_1_80' title='bbox 797 1519 880 1584; x_wconf 86' lang='lat' dir='ltr'>Item</span> <span class='ocrx_word' id='word_1_81' title='bbox 905 1523 1007 1583; x_wconf 89' lang='lat' dir='ltr'>eciam</span> <span class='ocrx_word' id='word_1_82' title='bbox 1033 1523 1194 1602; x_wconf 83' lang='lat' dir='ltr'>deposuit.</span> <span class='ocrx_word' id='word_1_83' title='bbox 1227 1522 1316 1600; x_wconf 91' lang='lat' dir='ltr'>quod</span> <span class='ocrx_word' id='word_1_84' title='bbox 1340 1541 1412 1582; x_wconf 88' lang='lat' dir='ltr'>raro</span> <span class='ocrx_word' id='word_1_85' title='bbox 1437 1523 1468 1582; x_wconf 94' lang='lat' dir='ltr'>in</span> <span class='ocrx_word' id='word_1_86' title='bbox 1493 1521 1630 1584; x_wconf 89' lang='lat' dir='ltr'>ecclesia</span> <span class='ocrx_word' id='word_1_87' title='bbox 1654 1522 1743 1585; x_wconf 91' lang='lat' dir='ltr'>audit</span> <span class='ocrx_word' id='word_1_88' title='bbox 1766 1524 1996 1596; x_wconf 84' lang='lat' dir='ltr'>confessiones,</span> 
     </span>
     <span class='ocr_line' id='line_1_10' title="bbox 441 1626 1996 1710; baseline 0.005 -23"><span class='ocrx_word' id='word_1_89' title='bbox 441 1626 500 1688; x_wconf 91' lang='lat' dir='ltr'>sed</span> <span class='ocrx_word' id='word_1_90' title='bbox 524 1626 555 1688; x_wconf 94' lang='lat' dir='ltr'>in</span> <span class='ocrx_word' id='word_1_91' title='bbox 579 1626 679 1688; x_wconf 92' lang='lat' dir='ltr'>domo</span> <span class='ocrx_word' id='word_1_92' title='bbox 702 1647 768 1690; x_wconf 89' lang='lat' dir='ltr'>sna.</span> <span class='ocrx_word' id='word_1_93' title='bbox 807 1628 889 1690; x_wconf 87' lang='lat' dir='ltr'><strong>Item</strong></span> <span class='ocrx_word' id='word_1_94' title='bbox 914 1630 1142 1708; x_wconf 86' lang='lat' dir='ltr'>interrogatus,</span> <span class='ocrx_word' id='word_1_95' title='bbox 1175 1627 1200 1689; x_wconf 86' lang='lat' dir='ltr'>si</span> <span class='ocrx_word' id='word_1_96' title='bbox 1228 1629 1327 1690; x_wconf 83' lang='lat' dir='ltr'>sentit</span> <span class='ocrx_word' id='word_1_97' title='bbox 1359 1630 1465 1709; x_wconf 88' lang='lat' dir='ltr'>ipsum</span> <span class='ocrx_word' id='word_1_98' title='bbox 1497 1631 1528 1690; x_wconf 93' lang='lat' dir='ltr'>in</span> <span class='ocrx_word' id='word_1_99' title='bbox 1561 1629 1669 1710; x_wconf 88' lang='lat' dir='ltr'>aliqua</span> <span class='ocrx_word' id='word_1_100' title='bbox 1702 1630 1861 1703; x_wconf 88' lang='lat' dir='ltr'>heresi,</span> <span class='ocrx_word' id='word_1_101' title='bbox 1894 1634 1996 1695; x_wconf 88' lang='lat' dir='ltr'>nescit</span> 
     </span>
     <span class='ocr_line' id='line_1_11' title="bbox 442 1732 793 1810; baseline 0.009 -16"><span class='ocrx_word' id='word_1_102' title='bbox 442 1733 549 1810; x_wconf 89' lang='lat' dir='ltr'>testis;</span> <span class='ocrx_word' id='word_1_103' title='bbox 573 1732 634 1796; x_wconf 88' lang='lat' dir='ltr'>alia</span> <span class='ocrx_word' id='word_1_104' title='bbox 659 1736 793 1798; x_wconf 72' lang='lat' dir='ltr'>nescit„</span> 
     </span>
    </p>

    <p class='ocr_par' dir='ltr' id='par_1_4' title="bbox 440 1837 1997 3642">
     <span class='ocr_line' id='line_1_12' title="bbox 549 1837 1997 1926; baseline 0.005 -25"><span class='ocrx_word' id='word_1_105' title='bbox 549 1837 735 1920; x_wconf 81' lang='lat' dir='ltr'>Quintus</span> <span class='ocrx_word' id='word_1_106' title='bbox 764 1843 858 1904; x_wconf 86' lang='lat' dir='ltr'>testis</span> <span class='ocrx_word' id='word_1_107' title='bbox 882 1842 1041 1906; x_wconf 89' lang='lat' dir='ltr'>discretus</span> <span class='ocrx_word' id='word_1_108' title='bbox 1066 1842 1180 1904; x_wconf 88' lang='lat' dir='ltr'>Petrus</span> <span class='ocrx_word' id='word_1_109' title='bbox 1205 1844 1342 1904; x_wconf 90' lang='lat' dir='ltr'>vicarius</span> <span class='ocrx_word' id='word_1_110' title='bbox 1365 1845 1397 1903; x_wconf 95' lang='lat' dir='ltr'>in</span> <span class='ocrx_word' id='word_1_111' title='bbox 1423 1842 1576 1924; x_wconf 82' lang='lat' dir='ltr'>Luplry..</span> <span class='ocrx_word' id='word_1_112' title='bbox 1608 1845 1835 1924; x_wconf 84' lang='lat' dir='ltr'>interrogatus,</span> <span class='ocrx_word' id='word_1_113' title='bbox 1869 1847 1893 1906; x_wconf 92' lang='lat' dir='ltr'>si</span> <span class='ocrx_word' id='word_1_114' title='bbox 1920 1845 1997 1926; x_wconf 89' lang='lat' dir='ltr'>quid</span> 
     </span>
     <span class='ocr_line' id='line_1_13' title="bbox 440 1947 1997 2034; baseline 0.004 -25"><span class='ocrx_word' id='word_1_115' title='bbox 440 1947 502 2009; x_wconf 90' lang='lat' dir='ltr'>sibi</span> <span class='ocrx_word' id='word_1_116' title='bbox 525 1959 693 2010; x_wconf 87' lang='lat' dir='ltr'>constaret</span> <span class='ocrx_word' id='word_1_117' title='bbox 725 1949 765 2012; x_wconf 92' lang='lat' dir='ltr'>de</span> <span class='ocrx_word' id='word_1_118' title='bbox 789 1951 1028 2012; x_wconf 89' lang='lat' dir='ltr'>incontinencia</span> <span class='ocrx_word' id='word_1_119' title='bbox 1061 1949 1190 2029; x_wconf 88' lang='lat' dir='ltr'>plebani</span> <span class='ocrx_word' id='word_1_120' title='bbox 1223 1952 1253 2010; x_wconf 93' lang='lat' dir='ltr'>in</span> <span class='ocrx_word' id='word_1_121' title='bbox 1279 1949 1454 2022; x_wconf 88' lang='lat' dir='ltr'>Blichowo,</span> <span class='ocrx_word' id='word_1_122' title='bbox 1487 1951 1665 2031; x_wconf 88' lang='lat' dir='ltr'>respondit,</span> <span class='ocrx_word' id='word_1_123' title='bbox 1697 1953 1785 2032; x_wconf 93' lang='lat' dir='ltr'>quod</span> <span class='ocrx_word' id='word_1_124' title='bbox 1810 1973 1828 2013; x_wconf 91' lang='lat' dir='ltr'>a</span> <span class='ocrx_word' id='word_1_125' title='bbox 1853 1953 1997 2034; x_wconf 90' lang='lat' dir='ltr'>pluribus</span> 
     </span>
     <span class='ocr_line' id='line_1_14' title="bbox 441 2055 1995 2138; baseline 0.003 -22"><span class='ocrx_word' id='word_1_126' title='bbox 441 2055 533 2116; x_wconf 90' lang='lat' dir='ltr'>anuis</span> <span class='ocrx_word' id='word_1_127' title='bbox 557 2065 664 2117; x_wconf 88' lang='lat' dir='ltr'>servat</span> <span class='ocrx_word' id='word_1_128' title='bbox 688 2058 911 2132; x_wconf 85' lang='lat' dir='ltr'>concubinam,</span> <span class='ocrx_word' id='word_1_129' title='bbox 944 2077 1017 2118; x_wconf 92' lang='lat' dir='ltr'>curn</span> <span class='ocrx_word' id='word_1_130' title='bbox 1042 2077 1106 2136; x_wconf 92' lang='lat' dir='ltr'>qua</span> <span class='ocrx_word' id='word_1_131' title='bbox 1131 2056 1301 2138; x_wconf 86' lang='lat' dir='ltr'>prolificat,</span> <span class='ocrx_word' id='word_1_132' title='bbox 1333 2057 1417 2120; x_wconf 88' lang='lat' dir='ltr'>dixit</span> <span class='ocrx_word' id='word_1_133' title='bbox 1441 2059 1543 2118; x_wconf 86' lang='lat' dir='ltr'>eciam</span> <span class='ocrx_word' id='word_1_134' title='bbox 1574 2059 1763 2120; x_wconf 86' lang='lat' dir='ltr'>eccclesiam</span> <span class='ocrx_word' id='word_1_135' title='bbox 1795 2059 1995 2122; x_wconf 83' lang='lat' dir='ltr'>destructam</span> 
     </span>
     <span class='ocr_line' id='line_1_15' title="bbox 442 2163 1996 2245; baseline 0.004 -23"><span class='ocrx_word' id='word_1_136' title='bbox 442 2181 500 2242; x_wconf 91' lang='lat' dir='ltr'>per</span> <span class='ocrx_word' id='word_1_137' title='bbox 523 2163 640 2238; x_wconf 90' lang='lat' dir='ltr'>omnia,</span> <span class='ocrx_word' id='word_1_138' title='bbox 665 2183 763 2226; x_wconf 89' lang='lat' dir='ltr'>canes</span> <span class='ocrx_word' id='word_1_139' title='bbox 788 2165 909 2226; x_wconf 89' lang='lat' dir='ltr'>intrant</span> <span class='ocrx_word' id='word_1_140' title='bbox 933 2167 994 2226; x_wconf 90' lang='lat' dir='ltr'>sub</span> <span class='ocrx_word' id='word_1_141' title='bbox 1019 2165 1161 2245; x_wconf 86' lang='lat' dir='ltr'>parietes</span> <span class='ocrx_word' id='word_1_142' title='bbox 1185 2165 1329 2226; x_wconf 90' lang='lat' dir='ltr'>eiusdem</span> <span class='ocrx_word' id='word_1_143' title='bbox 1356 2167 1386 2225; x_wconf 94' lang='lat' dir='ltr'>in</span> <span class='ocrx_word' id='word_1_144' title='bbox 1411 2163 1588 2227; x_wconf 87' lang='lat' dir='ltr'>ecclesiam.</span> <span class='ocrx_word' id='word_1_145' title='bbox 1612 2163 1784 2245; x_wconf 84' lang='lat' dir='ltr'>Deposuit,</span> <span class='ocrx_word' id='word_1_146' title='bbox 1809 2167 1897 2245; x_wconf 91' lang='lat' dir='ltr'>quod</span> <span class='ocrx_word' id='word_1_147' title='bbox 1921 2180 1996 2230; x_wconf 91' lang='lat' dir='ltr'>sunt</span> 
     </span>
     <span class='ocr_line' id='line_1_16' title="bbox 442 2271 1996 2355; baseline 0.004 -26"><span class='ocrx_word' id='word_1_148' title='bbox 442 2277 509 2330; x_wconf 87' lang='lat' dir='ltr'>tres</span> <span class='ocrx_word' id='word_1_149' title='bbox 532 2279 588 2331; x_wconf 91' lang='lat' dir='ltr'>aut</span> <span class='ocrx_word' id='word_1_150' title='bbox 612 2279 752 2350; x_wconf 88' lang='lat' dir='ltr'>quatuor</span> <span class='ocrx_word' id='word_1_151' title='bbox 776 2273 875 2352; x_wconf 90' lang='lat' dir='ltr'>pueri,</span> <span class='ocrx_word' id='word_1_152' title='bbox 901 2273 954 2351; x_wconf 95' lang='lat' dir='ltr'>qui</span> <span class='ocrx_word' id='word_1_153' title='bbox 979 2291 1044 2333; x_wconf 93' lang='lat' dir='ltr'>non</span> <span class='ocrx_word' id='word_1_154' title='bbox 1063 2281 1137 2333; x_wconf 91' lang='lat' dir='ltr'>sunt</span> <span class='ocrx_word' id='word_1_155' title='bbox 1161 2273 1248 2332; x_wconf 92' lang='lat' dir='ltr'>uncti</span> <span class='ocrx_word' id='word_1_156' title='bbox 1273 2271 1348 2333; x_wconf 90' lang='lat' dir='ltr'>oleo</span> <span class='ocrx_word' id='word_1_157' title='bbox 1371 2275 1403 2332; x_wconf 94' lang='lat' dir='ltr'>in</span> <span class='ocrx_word' id='word_1_158' title='bbox 1421 2273 1594 2354; x_wconf 87' lang='lat' dir='ltr'>baptismo.</span> <span class='ocrx_word' id='word_1_159' title='bbox 1619 2293 1789 2354; x_wconf 89' lang='lat' dir='ltr'>quousque</span> <span class='ocrx_word' id='word_1_160' title='bbox 1813 2275 1844 2334; x_wconf 89' lang='lat' dir='ltr'>in</span> <span class='ocrx_word' id='word_1_161' title='bbox 1862 2271 1996 2355; x_wconf 78' lang='lat' dir='ltr'>Lupley;</span> 
     </span>
     <span class='ocr_line' id='line_1_17' title="bbox 442 2377 1995 2461; baseline 0.004 -25"><span class='ocrx_word' id='word_1_162' title='bbox 442 2395 501 2454; x_wconf 93' lang='lat' dir='ltr'>per</span> <span class='ocrx_word' id='word_1_163' title='bbox 525 2377 634 2438; x_wconf 89' lang='lat' dir='ltr'>omnia</span> <span class='ocrx_word' id='word_1_164' title='bbox 657 2380 751 2440; x_wconf 88' lang='lat' dir='ltr'>testis</span> <span class='ocrx_word' id='word_1_165' title='bbox 776 2381 858 2442; x_wconf 85' lang='lat' dir='ltr'>dixit</span> <span class='ocrx_word' id='word_1_166' title='bbox 882 2399 954 2440; x_wconf 88' lang='lat' dir='ltr'>esse</span> <span class='ocrx_word' id='word_1_167' title='bbox 979 2377 1154 2461; x_wconf 83' lang='lat' dir='ltr'>plebanum</span> <span class='ocrx_word' id='word_1_168' title='bbox 1180 2379 1408 2442; x_wconf 89' lang='lat' dir='ltr'>scandalosnm</span> <span class='ocrx_word' id='word_1_169' title='bbox 1433 2389 1467 2440; x_wconf 92' lang='lat' dir='ltr'>et</span> <span class='ocrx_word' id='word_1_170' title='bbox 1490 2400 1550 2460; x_wconf 91' lang='lat' dir='ltr'>per</span> <span class='ocrx_word' id='word_1_171' title='bbox 1573 2381 1681 2441; x_wconf 86' lang='lat' dir='ltr'>omnia</span> <span class='ocrx_word' id='word_1_172' title='bbox 1705 2381 1771 2442; x_wconf 90' lang='lat' dir='ltr'>vite</span> <span class='ocrx_word' id='word_1_173' title='bbox 1795 2381 1938 2442; x_wconf 90' lang='lat' dir='ltr'>enormis</span> <span class='ocrx_word' id='word_1_174' title='bbox 1961 2392 1995 2442; x_wconf 90' lang='lat' dir='ltr'>et</span> 
     </span>
     <span class='ocr_line' id='line_1_18' title="bbox 443 2483 1995 2567; baseline 0.004 -23"><span class='ocrx_word' id='word_1_175' title='bbox 443 2483 586 2545; x_wconf 87' lang='lat' dir='ltr'>bestialis</span> <span class='ocrx_word' id='word_1_176' title='bbox 609 2485 842 2566; x_wconf 83' lang='lat' dir='ltr'>incorrigibilis.</span> <span class='ocrx_word' id='word_1_177' title='bbox 867 2485 1029 2567; x_wconf 89' lang='lat' dir='ltr'>Deposuit</span> <span class='ocrx_word' id='word_1_178' title='bbox 1053 2487 1156 2548; x_wconf 88' lang='lat' dir='ltr'>eciam</span> <span class='ocrx_word' id='word_1_179' title='bbox 1181 2488 1284 2558; x_wconf 87' lang='lat' dir='ltr'>testis,</span> <span class='ocrx_word' id='word_1_180' title='bbox 1310 2487 1397 2566; x_wconf 94' lang='lat' dir='ltr'>quod</span> <span class='ocrx_word' id='word_1_181' title='bbox 1420 2488 1491 2567; x_wconf 90' lang='lat' dir='ltr'>ipse</span> <span class='ocrx_word' id='word_1_182' title='bbox 1517 2486 1675 2567; x_wconf 89' lang='lat' dir='ltr'>plebanus</span> <span class='ocrx_word' id='word_1_183' title='bbox 1698 2487 1741 2548; x_wconf 94' lang='lat' dir='ltr'>ab</span> <span class='ocrx_word' id='word_1_184' title='bbox 1765 2486 1894 2551; x_wconf 88' lang='lat' dir='ltr'>Octava</span> <span class='ocrx_word' id='word_1_185' title='bbox 1918 2487 1995 2551; x_wconf 88' lang='lat' dir='ltr'>Cor-</span> 
     </span>
     <span class='ocr_line' id='line_1_19' title="bbox 444 2589 1996 2676; baseline 0.002 -24"><span class='ocrx_word' id='word_1_186' title='bbox 444 2591 531 2668; x_wconf 88' lang='lat' dir='ltr'>poris</span> <span class='ocrx_word' id='word_1_187' title='bbox 555 2589 674 2653; x_wconf 90' lang='lat' dir='ltr'>Christi</span> <span class='ocrx_word' id='word_1_188' title='bbox 705 2613 809 2674; x_wconf 90' lang='lat' dir='ltr'>usque</span> <span class='ocrx_word' id='word_1_189' title='bbox 840 2594 881 2654; x_wconf 91' lang='lat' dir='ltr'>ad</span> <span class='ocrx_word' id='word_1_190' title='bbox 905 2595 1045 2676; x_wconf 86' lang='lat' dir='ltr'>vigiliam</span> <span class='ocrx_word' id='word_1_191' title='bbox 1077 2594 1207 2656; x_wconf 86' lang='lat' dir='ltr'>alterius</span> <span class='ocrx_word' id='word_1_192' title='bbox 1239 2593 1312 2656; x_wconf 85' lang='lat' dir='ltr'>sesti</span> <span class='ocrx_word' id='word_1_193' title='bbox 1337 2592 1493 2674; x_wconf 87' lang='lat' dir='ltr'>Corporis</span> <span class='ocrx_word' id='word_1_194' title='bbox 1518 2593 1645 2667; x_wconf 87' lang='lat' dir='ltr'>Christi,</span> <span class='ocrx_word' id='word_1_195' title='bbox 1679 2595 1820 2658; x_wconf 89' lang='lat' dir='ltr'>hostiam</span> <span class='ocrx_word' id='word_1_196' title='bbox 1852 2596 1884 2656; x_wconf 94' lang='lat' dir='ltr'>in</span> <span class='ocrx_word' id='word_1_197' title='bbox 1907 2613 1996 2656; x_wconf 91' lang='lat' dir='ltr'>rnon-</span> 
     </span>
     <span class='ocr_line' id='line_1_20' title="bbox 441 2700 1997 2782; baseline 0.004 -24"><span class='ocrx_word' id='word_1_198' title='bbox 441 2700 581 2760; x_wconf 88' lang='lat' dir='ltr'>strancia</span> <span class='ocrx_word' id='word_1_199' title='bbox 605 2708 691 2760; x_wconf 86' lang='lat' dir='ltr'>stare</span> <span class='ocrx_word' id='word_1_200' title='bbox 716 2701 869 2780; x_wconf 88' lang='lat' dir='ltr'>permisit,</span> <span class='ocrx_word' id='word_1_201' title='bbox 902 2704 1014 2770; x_wconf 87' lang='lat' dir='ltr'>nescit,</span> <span class='ocrx_word' id='word_1_202' title='bbox 1047 2721 1087 2762; x_wconf 91' lang='lat' dir='ltr'>an</span> <span class='ocrx_word' id='word_1_203' title='bbox 1112 2702 1215 2781; x_wconf 89' lang='lat' dir='ltr'>ipsam</span> <span class='ocrx_word' id='word_1_204' title='bbox 1240 2703 1444 2764; x_wconf 88' lang='lat' dir='ltr'>consumavit</span> <span class='ocrx_word' id='word_1_205' title='bbox 1475 2711 1629 2779; x_wconf 92' lang='lat' dir='ltr'>autnon,</span> <span class='ocrx_word' id='word_1_206' title='bbox 1661 2721 1756 2782; x_wconf 90' lang='lat' dir='ltr'>quern</span> <span class='ocrx_word' id='word_1_207' title='bbox 1780 2703 1875 2764; x_wconf 91' lang='lat' dir='ltr'>testis</span> <span class='ocrx_word' id='word_1_208' title='bbox 1899 2723 1997 2781; x_wconf 89' lang='lat' dir='ltr'>super</span> 
     </span>
     <span class='ocr_line' id='line_1_21' title="bbox 442 2804 1996 2894; baseline 0.003 -28"><span class='ocrx_word' id='word_1_209' title='bbox 442 2804 505 2866; x_wconf 92' lang='lat' dir='ltr'>hoc</span> <span class='ocrx_word' id='word_1_210' title='bbox 529 2807 733 2887; x_wconf 86' lang='lat' dir='ltr'>corripiebat,</span> <span class='ocrx_word' id='word_1_211' title='bbox 758 2809 831 2888; x_wconf 87' lang='lat' dir='ltr'>ipso</span> <span class='ocrx_word' id='word_1_212' title='bbox 854 2809 993 2871; x_wconf 90' lang='lat' dir='ltr'>dicente:</span> <span class='ocrx_word' id='word_1_213' title='bbox 1020 2807 1071 2870; x_wconf 93' lang='lat' dir='ltr'>Tu</span> <span class='ocrx_word' id='word_1_214' title='bbox 1095 2809 1241 2870; x_wconf 85' lang='lat' dir='ltr'>existens</span> <span class='ocrx_word' id='word_1_215' title='bbox 1264 2806 1410 2871; x_wconf 90' lang='lat' dir='ltr'>novellus</span> <span class='ocrx_word' id='word_1_216' title='bbox 1434 2809 1604 2889; x_wconf 88' lang='lat' dir='ltr'>presbiter,</span> <span class='ocrx_word' id='word_1_217' title='bbox 1629 2829 1681 2872; x_wconf 88' lang='lat' dir='ltr'>me</span> <span class='ocrx_word' id='word_1_218' title='bbox 1698 2812 1813 2892; x_wconf 84' lang='lat' dir='ltr'>arguis,</span> <span class='ocrx_word' id='word_1_219' title='bbox 1839 2813 1908 2872; x_wconf 93' lang='lat' dir='ltr'>scio</span> <span class='ocrx_word' id='word_1_220' title='bbox 1925 2831 1996 2894; x_wconf 83' lang='lat' dir='ltr'>ego,</span> 
     </span>
     <span class='ocr_line' id='line_1_22' title="bbox 443 2911 1996 2997; baseline 0.004 -24"><span class='ocrx_word' id='word_1_221' title='bbox 443 2911 519 2992; x_wconf 93' lang='lat' dir='ltr'>quid</span> <span class='ocrx_word' id='word_1_222' title='bbox 544 2912 635 2975; x_wconf 82' lang='lat' dir='ltr'>facio.</span> <span class='ocrx_word' id='word_1_223' title='bbox 669 2913 832 2996; x_wconf 90' lang='lat' dir='ltr'>Deposuit</span> <span class='ocrx_word' id='word_1_224' title='bbox 863 2917 965 2978; x_wconf 88' lang='lat' dir='ltr'>eciam</span> <span class='ocrx_word' id='word_1_225' title='bbox 989 2917 1092 2990; x_wconf 89' lang='lat' dir='ltr'>testis,</span> <span class='ocrx_word' id='word_1_226' title='bbox 1126 2917 1214 2997; x_wconf 93' lang='lat' dir='ltr'>quod</span> <span class='ocrx_word' id='word_1_227' title='bbox 1239 2927 1413 2997; x_wconf 88' lang='lat' dir='ltr'>postquam</span> <span class='ocrx_word' id='word_1_228' title='bbox 1438 2917 1522 2978; x_wconf 92' lang='lat' dir='ltr'>dnus</span> <span class='ocrx_word' id='word_1_229' title='bbox 1545 2915 1821 2996; x_wconf 89' lang='lat' dir='ltr'>Praschmowsky</span> <span class='ocrx_word' id='word_1_230' title='bbox 1844 2916 1996 2979; x_wconf 90' lang='lat' dir='ltr'>archidia-</span> 
     </span>
     <span class='ocr_line' id='line_1_23' title="bbox 442 3019 1996 3105; baseline 0.005 -25"><span class='ocrx_word' id='word_1_231' title='bbox 442 3039 545 3082; x_wconf 90' lang='lat' dir='ltr'>conus</span> <span class='ocrx_word' id='word_1_232' title='bbox 568 3022 736 3101; x_wconf 87' lang='lat' dir='ltr'>equitabat</span> <span class='ocrx_word' id='word_1_233' title='bbox 760 3045 817 3104; x_wconf 89' lang='lat' dir='ltr'>per</span> <span class='ocrx_word' id='word_1_234' title='bbox 834 3022 1001 3086; x_wconf 89' lang='lat' dir='ltr'>Blichowo</span> <span class='ocrx_word' id='word_1_235' title='bbox 1026 3023 1056 3083; x_wconf 90' lang='lat' dir='ltr'>in</span> <span class='ocrx_word' id='word_1_236' title='bbox 1074 3019 1164 3105; x_wconf 89' lang='lat' dir='ltr'>Slup,</span> <span class='ocrx_word' id='word_1_237' title='bbox 1187 3024 1258 3103; x_wconf 90' lang='lat' dir='ltr'>ipse</span> <span class='ocrx_word' id='word_1_238' title='bbox 1283 3025 1402 3086; x_wconf 86' lang='lat' dir='ltr'>timens</span> <span class='ocrx_word' id='word_1_239' title='bbox 1425 3024 1648 3086; x_wconf 90' lang='lat' dir='ltr'>visitacionem</span> <span class='ocrx_word' id='word_1_240' title='bbox 1673 3043 1804 3087; x_wconf 91' lang='lat' dir='ltr'>currens</span> <span class='ocrx_word' id='word_1_241' title='bbox 1828 3027 1869 3087; x_wconf 90' lang='lat' dir='ltr'>ad</span> <span class='ocrx_word' id='word_1_242' title='bbox 1893 3045 1996 3087; x_wconf 89' lang='lat' dir='ltr'>sacra-</span> 
     </span>
     <span class='ocr_line' id='line_1_24' title="bbox 442 3129 1995 3212; baseline 0.004 -24"><span class='ocrx_word' id='word_1_243' title='bbox 442 3129 522 3190; x_wconf 87' lang='lat' dir='ltr'>rium</span> <span class='ocrx_word' id='word_1_244' title='bbox 547 3129 700 3209; x_wconf 87' lang='lat' dir='ltr'>deposuit</span> <span class='ocrx_word' id='word_1_245' title='bbox 725 3130 810 3192; x_wconf 88' lang='lat' dir='ltr'>illam</span> <span class='ocrx_word' id='word_1_246' title='bbox 835 3129 976 3194; x_wconf 89' lang='lat' dir='ltr'>hostiam</span> <span class='ocrx_word' id='word_1_247' title='bbox 1002 3139 1035 3191; x_wconf 90' lang='lat' dir='ltr'>ct</span> <span class='ocrx_word' id='word_1_248' title='bbox 1058 3131 1213 3210; x_wconf 88' lang='lat' dir='ltr'>imposuit</span> <span class='ocrx_word' id='word_1_249' title='bbox 1237 3131 1267 3191; x_wconf 89' lang='lat' dir='ltr'>in</span> <span class='ocrx_word' id='word_1_250' title='bbox 1292 3131 1460 3210; x_wconf 89' lang='lat' dir='ltr'>corporale</span> <span class='ocrx_word' id='word_1_251' title='bbox 1484 3150 1620 3192; x_wconf 87' lang='lat' dir='ltr'>vacuum</span> <span class='ocrx_word' id='word_1_252' title='bbox 1645 3133 1677 3190; x_wconf 93' lang='lat' dir='ltr'>in</span> <span class='ocrx_word' id='word_1_253' title='bbox 1703 3133 1810 3208; x_wconf 87' lang='lat' dir='ltr'>altari;</span> <span class='ocrx_word' id='word_1_254' title='bbox 1841 3132 1995 3212; x_wconf 90' lang='lat' dir='ltr'>deposuit</span> 
     </span>
     <span class='ocr_line' id='line_1_25' title="bbox 443 3236 1996 3321; baseline 0.003 -25"><span class='ocrx_word' id='word_1_255' title='bbox 443 3236 574 3297; x_wconf 88' lang='lat' dir='ltr'>tandem</span> <span class='ocrx_word' id='word_1_256' title='bbox 598 3239 701 3308; x_wconf 80' lang='lat' dir='ltr'>testis</span> <span class='ocrx_word' id='word_1_257' title='bbox 727 3239 814 3318; x_wconf 89' lang='lat' dir='ltr'>quod</span> <span class='ocrx_word' id='word_1_258' title='bbox 839 3241 951 3310; x_wconf 87' lang='lat' dir='ltr'>nescit,</span> <span class='ocrx_word' id='word_1_259' title='bbox 975 3257 1041 3317; x_wconf 92' lang='lat' dir='ltr'>quo</span> <span class='ocrx_word' id='word_1_260' title='bbox 1066 3237 1142 3300; x_wconf 88' lang='lat' dir='ltr'>fecit</span> <span class='ocrx_word' id='word_1_261' title='bbox 1165 3237 1250 3299; x_wconf 90' lang='lat' dir='ltr'>illam</span> <span class='ocrx_word' id='word_1_262' title='bbox 1276 3237 1425 3300; x_wconf 87' lang='lat' dir='ltr'>hostiam.</span> <span class='ocrx_word' id='word_1_263' title='bbox 1466 3237 1629 3319; x_wconf 91' lang='lat' dir='ltr'>Deposuit</span> <span class='ocrx_word' id='word_1_264' title='bbox 1653 3241 1754 3298; x_wconf 85' lang='lat' dir='ltr'>eciam</span> <span class='ocrx_word' id='word_1_265' title='bbox 1780 3241 1882 3310; x_wconf 88' lang='lat' dir='ltr'>testis,</span> <span class='ocrx_word' id='word_1_266' title='bbox 1908 3239 1996 3321; x_wconf 93' lang='lat' dir='ltr'>quod</span> 
     </span>
     <span class='ocr_line' id='line_1_26' title="bbox 443 3344 1996 3426; baseline 0.003 -22"><span class='ocrx_word' id='word_1_267' title='bbox 443 3363 607 3424; x_wconf 88' lang='lat' dir='ltr'>nunquam</span> <span class='ocrx_word' id='word_1_268' title='bbox 633 3357 770 3408; x_wconf 86' lang='lat' dir='ltr'>renovat</span> <span class='ocrx_word' id='word_1_269' title='bbox 794 3353 998 3408; x_wconf 87' lang='lat' dir='ltr'>sacramenta</span> <span class='ocrx_word' id='word_1_270' title='bbox 1023 3356 1056 3407; x_wconf 92' lang='lat' dir='ltr'>et</span> <span class='ocrx_word' id='word_1_271' title='bbox 1079 3365 1210 3426; x_wconf 88' lang='lat' dir='ltr'>semper</span> <span class='ocrx_word' id='word_1_272' title='bbox 1233 3357 1407 3408; x_wconf 90' lang='lat' dir='ltr'>conservat</span> <span class='ocrx_word' id='word_1_273' title='bbox 1430 3344 1550 3407; x_wconf 85' lang='lat' dir='ltr'>alesto</span> <span class='ocrx_word' id='word_1_274' title='bbox 1575 3345 1676 3406; x_wconf 90' lang='lat' dir='ltr'>Pasce</span> <span class='ocrx_word' id='word_1_275' title='bbox 1701 3347 1742 3408; x_wconf 90' lang='lat' dir='ltr'>ad</span> <span class='ocrx_word' id='word_1_276' title='bbox 1759 3345 1845 3407; x_wconf 91' lang='lat' dir='ltr'>aliud</span> <span class='ocrx_word' id='word_1_277' title='bbox 1868 3345 1996 3408; x_wconf 87' lang='lat' dir='ltr'>festum.</span> 
     </span>
     <span class='ocr_line' id='line_1_27' title="bbox 443 3449 1996 3533; baseline 0.003 -21"><span class='ocrx_word' id='word_1_278' title='bbox 443 3449 604 3530; x_wconf 90' lang='lat' dir='ltr'>Deposuit</span> <span class='ocrx_word' id='word_1_279' title='bbox 629 3453 730 3512; x_wconf 90' lang='lat' dir='ltr'>eciarn</span> <span class='ocrx_word' id='word_1_280' title='bbox 755 3453 857 3522; x_wconf 91' lang='lat' dir='ltr'>testis,</span> <span class='ocrx_word' id='word_1_281' title='bbox 883 3453 970 3532; x_wconf 92' lang='lat' dir='ltr'>quod</span> <span class='ocrx_word' id='word_1_282' title='bbox 989 3452 1107 3514; x_wconf 92' lang='lat' dir='ltr'>nobilis</span> <span class='ocrx_word' id='word_1_283' title='bbox 1125 3452 1284 3532; x_wconf 91' lang='lat' dir='ltr'>Maquoth</span> <span class='ocrx_word' id='word_1_284' title='bbox 1309 3463 1453 3515; x_wconf 89' lang='lat' dir='ltr'>moratur</span> <span class='ocrx_word' id='word_1_285' title='bbox 1477 3472 1550 3512; x_wconf 88' lang='lat' dir='ltr'>curn</span> <span class='ocrx_word' id='word_1_286' title='bbox 1567 3467 1680 3514; x_wconf 86' lang='lat' dir='ltr'>sorore</span> <span class='ocrx_word' id='word_1_287' title='bbox 1705 3453 1889 3533; x_wconf 88' lang='lat' dir='ltr'>propinqua</span> <span class='ocrx_word' id='word_1_288' title='bbox 1913 3457 1996 3516; x_wconf 91' lang='lat' dir='ltr'>ince-</span> 
     </span>
     <span class='ocr_line' id='line_1_28' title="bbox 441 3559 1667 3642; baseline 0 -22"><span class='ocrx_word' id='word_1_289' title='bbox 441 3569 553 3620; x_wconf 88' lang='lat' dir='ltr'>stuose</span> <span class='ocrx_word' id='word_1_290' title='bbox 578 3559 726 3634; x_wconf 90' lang='lat' dir='ltr'>vivendo,</span> <span class='ocrx_word' id='word_1_291' title='bbox 751 3559 910 3640; x_wconf 87' lang='lat' dir='ltr'>plebanus</span> <span class='ocrx_word' id='word_1_292' title='bbox 933 3562 1039 3640; x_wconf 90' lang='lat' dir='ltr'>ipsum</span> <span class='ocrx_word' id='word_1_293' title='bbox 1065 3580 1132 3622; x_wconf 94' lang='lat' dir='ltr'>non</span> <span class='ocrx_word' id='word_1_294' title='bbox 1155 3560 1287 3642; x_wconf 84' lang='lat' dir='ltr'>corrigit</span> <span class='ocrx_word' id='word_1_295' title='bbox 1311 3579 1372 3621; x_wconf 90' lang='lat' dir='ltr'>nec</span> <span class='ocrx_word' id='word_1_296' title='bbox 1396 3561 1667 3622; x_wconf 89' lang='lat' dir='ltr'>excommunicat.</span> 
     </span>
    </p>
   </div>
   <div class='ocr_carea' id='block_1_4' title="bbox 657 3751 1653 3835">
    <p class='ocr_par' dir='ltr' id='par_1_5' title="bbox 657 3751 1653 3835">
     <span class='ocr_line' id='line_1_29' title="bbox 657 3751 1653 3835; baseline -0.002 -20"><span class='ocrx_word' id='word_1_297' title='bbox 657 3753 699 3815; x_wconf 90' lang='lat' dir='ltr'>A.</span> <span class='ocrx_word' id='word_1_298' title='bbox 728 3767 819 3834; x_wconf 81' lang='lat'>1501,</span> <span class='ocrx_word' id='word_1_299' title='bbox 843 3751 951 3818; x_wconf 89' lang='lat' dir='ltr'>Martii</span> <span class='ocrx_word' id='word_1_300' title='bbox 976 3772 1026 3835; x_wconf 88' lang='lat'>30,</span> <span class='ocrx_word' id='word_1_301' title='bbox 1051 3755 1081 3816; x_wconf 94' lang='lat' dir='ltr'>in</span> <span class='ocrx_word' id='word_1_302' title='bbox 1106 3752 1275 3816; x_wconf 86' lang='lat' dir='ltr'>Poltowsk</span> <span class='ocrx_word' id='word_1_303' title='bbox 1299 3753 1331 3814; x_wconf 90' lang='lat' dir='ltr'>in</span> <span class='ocrx_word' id='word_1_304' title='bbox 1355 3755 1443 3815; x_wconf 89' lang='lat' dir='ltr'>curia</span> <span class='ocrx_word' id='word_1_305' title='bbox 1467 3751 1653 3834; x_wconf 87' lang='lat' dir='ltr'>episcopali.</span> 
     </span>
    </p>
   </div>
   <div class='ocr_carea' id='block_1_5' title="bbox 442 3873 1999 5784">
    <p class='ocr_par' dir='ltr' id='par_1_6' title="bbox 442 3873 1999 5784">
     <span class='ocr_line' id='line_1_30' title="bbox 553 3873 1996 3960; baseline 0.001 -19"><span class='ocrx_word' id='word_1_306' title='bbox 553 3873 640 3942; x_wconf 85' lang='grc'><strong>192.</strong></span> <span class='ocrx_word' id='word_1_307' title='bbox 664 3877 762 3960; x_wconf 85' lang='lat' dir='ltr'>(Acta</span> <span class='ocrx_word' id='word_1_308' title='bbox 779 3880 877 3960; x_wconf 91' lang='lat' dir='ltr'>episc.</span> <span class='ocrx_word' id='word_1_309' title='bbox 895 3879 976 3952; x_wconf 88' lang='lat' dir='ltr'>Vll).</span> <span class='ocrx_word' id='word_1_310' title='bbox 994 3880 1081 3940; x_wconf 87' lang='lat' dir='ltr'>Pene</span> <span class='ocrx_word' id='word_1_311' title='bbox 1098 3879 1347 3940; x_wconf 89' lang='lat' dir='ltr'>substitutorum</span> <span class='ocrx_word' id='word_1_312' title='bbox 1366 3877 1642 3941; x_wconf 90' lang='lat' dir='ltr'>Polthoviensium</span> <span class='ocrx_word' id='word_1_313' title='bbox 1663 3915 1702 3922; x_wconf 85' lang='lat'>—</span> <span class='ocrx_word' id='word_1_314' title='bbox 1717 3878 1798 3940; x_wconf 89' lang='lat' dir='ltr'>Item</span> <span class='ocrx_word' id='word_1_315' title='bbox 1816 3878 1996 3942; x_wconf 88' lang='lat' dir='ltr'>Stanislaus</span> 
     </span>
     <span class='ocr_line' id='line_1_31' title="bbox 443 3982 1996 4063; baseline 0.001 -16"><span class='ocrx_word' id='word_1_316' title='bbox 443 3982 557 4047; x_wconf 85' lang='lat' dir='ltr'>Osszel</span> <span class='ocrx_word' id='word_1_317' title='bbox 582 3986 778 4050; x_wconf 89' lang='lat' dir='ltr'>substitutus</span> <span class='ocrx_word' id='word_1_318' title='bbox 802 3985 938 4050; x_wconf 88' lang='lat' dir='ltr'>ecclesie</span> <span class='ocrx_word' id='word_1_319' title='bbox 957 3986 1196 4050; x_wconf 87' lang='lat' dir='ltr'>Polthoviensis</span> <span class='ocrx_word' id='word_1_320' title='bbox 1220 3984 1458 4049; x_wconf 88' lang='lat' dir='ltr'>condemnatus</span> <span class='ocrx_word' id='word_1_321' title='bbox 1475 3997 1524 4047; x_wconf 91' lang='lat' dir='ltr'>est</span> <span class='ocrx_word' id='word_1_322' title='bbox 1550 3987 1581 4046; x_wconf 91' lang='lat' dir='ltr'>in</span> <span class='ocrx_word' id='word_1_323' title='bbox 1600 4007 1683 4063; x_wconf 85' lang='lat' dir='ltr'>pena</span> <span class='ocrx_word' id='word_1_324' title='bbox 1700 3985 1838 4049; x_wconf 90' lang='lat' dir='ltr'>sinodali</span> <span class='ocrx_word' id='word_1_325' title='bbox 1855 3986 1899 4048; x_wconf 95' lang='lat' dir='ltr'>lll</span> <span class='ocrx_word' id='word_1_326' title='bbox 1917 4007 1996 4048; x_wconf 89' lang='lat' dir='ltr'>mar·</span> 
     </span>
     <span class='ocr_line' id='line_1_32' title="bbox 442 4093 1994 4174; baseline 0.005 -24"><span class='ocrx_word' id='word_1_327' title='bbox 442 4113 560 4163; x_wconf 84' lang='lat' dir='ltr'>carum,</span> <span class='ocrx_word' id='word_1_328' title='bbox 587 4111 682 4174; x_wconf 89' lang='lat' dir='ltr'>quam</span> <span class='ocrx_word' id='word_1_329' title='bbox 710 4115 768 4172; x_wconf 92' lang='lat' dir='ltr'>pro</span> <span class='ocrx_word' id='word_1_330' title='bbox 793 4098 898 4174; x_wconf 92' lang='lat' dir='ltr'>primo</span> <span class='ocrx_word' id='word_1_331' title='bbox 922 4093 1035 4166; x_wconf 82' lang='lat' dir='ltr'>solvet.</span> <span class='ocrx_word' id='word_1_332' title='bbox 1061 4097 1086 4156; x_wconf 90' lang='lat' dir='ltr'>si</span> <span class='ocrx_word' id='word_1_333' title='bbox 1111 4095 1152 4157; x_wconf 89' lang='lat' dir='ltr'>dc</span> <span class='ocrx_word' id='word_1_334' title='bbox 1175 4105 1286 4156; x_wconf 90' lang='lat' dir='ltr'>cetero</span> <span class='ocrx_word' id='word_1_335' title='bbox 1311 4104 1460 4174; x_wconf 90' lang='lat' dir='ltr'>repertus</span> <span class='ocrx_word' id='word_1_336' title='bbox 1485 4093 1588 4168; x_wconf 85' lang='lat' dir='ltr'>luerit,</span> <span class='ocrx_word' id='word_1_337' title='bbox 1618 4105 1714 4174; x_wconf 91' lang='lat' dir='ltr'>prout</span> <span class='ocrx_word' id='word_1_338' title='bbox 1739 4095 1866 4156; x_wconf 88' lang='lat' dir='ltr'>delatus</span> <span class='ocrx_word' id='word_1_339' title='bbox 1891 4099 1994 4157; x_wconf 88' lang='lat' dir='ltr'>estin</span> 
     </span>
     <span class='ocr_line' id='line_1_33' title="bbox 443 4199 1997 4282; baseline 0.003 -22"><span class='ocrx_word' id='word_1_340' title='bbox 443 4199 604 4262; x_wconf 89' lang='lat' dir='ltr'>sinodo.</span> <span class='ocrx_word' id='word_1_341' title='bbox 631 4237 669 4246; x_wconf 90' lang='lat'>-</span> <span class='ocrx_word' id='word_1_342' title='bbox 696 4201 857 4264; x_wconf 89' lang='lat' dir='ltr'>lohannes</span> <span class='ocrx_word' id='word_1_343' title='bbox 889 4201 1043 4272; x_wconf 78' lang='lat' dir='ltr'>corczak.</span> <span class='ocrx_word' id='word_1_344' title='bbox 1079 4203 1273 4264; x_wconf 90' lang='lat' dir='ltr'>substitutus</span> <span class='ocrx_word' id='word_1_345' title='bbox 1306 4200 1551 4273; x_wconf 87' lang='lat' dir='ltr'>Polthoviensis,</span> <span class='ocrx_word' id='word_1_346' title='bbox 1584 4202 1610 4262; x_wconf 90' lang='lat' dir='ltr'>si</span> <span class='ocrx_word' id='word_1_347' title='bbox 1641 4201 1682 4263; x_wconf 88' lang='lat' dir='ltr'>de</span> <span class='ocrx_word' id='word_1_348' title='bbox 1706 4213 1817 4262; x_wconf 89' lang='lat' dir='ltr'>cetero</span> <span class='ocrx_word' id='word_1_349' title='bbox 1849 4214 1997 4282; x_wconf 90' lang='lat' dir='ltr'>repertus</span> 
     </span>
     <span class='ocr_line' id='line_1_34' title="bbox 444 4305 1995 4372; baseline 0.001 -4"><span class='ocrx_word' id='word_1_350' title='bbox 444 4305 591 4370; x_wconf 76' lang='lat' dir='ltr'>fueritin</span> <span class='ocrx_word' id='word_1_351' title='bbox 617 4308 692 4369; x_wconf 93' lang='lat' dir='ltr'>ludo</span> <span class='ocrx_word' id='word_1_352' title='bbox 716 4309 889 4371; x_wconf 88' lang='lat' dir='ltr'>taxilorum</span> <span class='ocrx_word' id='word_1_353' title='bbox 921 4331 979 4371; x_wconf 89' lang='lat' dir='ltr'>seu</span> <span class='ocrx_word' id='word_1_354' title='bbox 1004 4319 1217 4371; x_wconf 90' lang='lat' dir='ltr'>cartarum</span> <span class='ocrx_word' id='word_1_355' title='bbox 1252 4310 1361 4371; x_wconf 89' lang='lat' dir='ltr'>autin</span> <span class='ocrx_word' id='word_1_356' title='bbox 1386 4309 1627 4370; x_wconf 90' lang='lat' dir='ltr'>incontinencia</span> <span class='ocrx_word' id='word_1_357' title='bbox 1651 4309 1682 4368; x_wconf 95' lang='lat' dir='ltr'>in</span> <span class='ocrx_word' id='word_1_358' title='bbox 1707 4309 1842 4370; x_wconf 89' lang='lat' dir='ltr'>taberna</span> <span class='ocrx_word' id='word_1_359' title='bbox 1866 4319 1995 4372; x_wconf 85' lang='lat' dir='ltr'>conten·</span> 
     </span>
     <span class='ocr_line' id='line_1_35' title="bbox 442 4413 1997 4497; baseline 0.003 -23"><span class='ocrx_word' id='word_1_360' title='bbox 442 4413 608 4494; x_wconf 89' lang='lat' dir='ltr'>cioneque,</span> <span class='ocrx_word' id='word_1_361' title='bbox 642 4437 702 4494; x_wconf 90' lang='lat' dir='ltr'>pro</span> <span class='ocrx_word' id='word_1_362' title='bbox 728 4417 832 4494; x_wconf 90' lang='lat' dir='ltr'>primo</span> <span class='ocrx_word' id='word_1_363' title='bbox 864 4417 969 4478; x_wconf 86' lang='lat' dir='ltr'>solvet</span> <span class='ocrx_word' id='word_1_364' title='bbox 994 4437 1111 4497; x_wconf 92' lang='lat' dir='ltr'>penam</span> <span class='ocrx_word' id='word_1_365' title='bbox 1145 4416 1333 4479; x_wconf 89' lang='lat' dir='ltr'>sinodalem.</span> <span class='ocrx_word' id='word_1_366' title='bbox 1359 4451 1398 4460; x_wconf 87' lang='lat'>-</span> <span class='ocrx_word' id='word_1_367' title='bbox 1424 4415 1579 4476; x_wconf 88' lang='lat' dir='ltr'>Nicolaus</span> <span class='ocrx_word' id='word_1_368' title='bbox 1603 4414 1777 4477; x_wconf 89' lang='lat' dir='ltr'>Czirzasthi</span> <span class='ocrx_word' id='word_1_369' title='bbox 1806 4416 1997 4479; x_wconf 89' lang='lat' dir='ltr'>substitutus</span> 
     </span>
     <span class='ocr_line' id='line_1_36' title="bbox 442 4521 1997 4605; baseline 0.001 -23"><span class='ocrx_word' id='word_1_370' title='bbox 442 4521 548 4584; x_wconf 88' lang='lat' dir='ltr'>solvet</span> <span class='ocrx_word' id='word_1_371' title='bbox 574 4543 690 4601; x_wconf 88' lang='lat' dir='ltr'>penam</span> <span class='ocrx_word' id='word_1_372' title='bbox 716 4523 757 4584; x_wconf 95' lang='lat' dir='ltr'>lll</span> <span class='ocrx_word' id='word_1_373' title='bbox 783 4543 971 4595; x_wconf 85' lang='lat' dir='ltr'>marcarum,</span> <span class='ocrx_word' id='word_1_374' title='bbox 996 4525 1079 4586; x_wconf 90' lang='lat' dir='ltr'>side</span> <span class='ocrx_word' id='word_1_375' title='bbox 1099 4535 1210 4586; x_wconf 86' lang='lat' dir='ltr'>cetero</span> <span class='ocrx_word' id='word_1_376' title='bbox 1235 4535 1384 4605; x_wconf 91' lang='lat' dir='ltr'>repertus</span> <span class='ocrx_word' id='word_1_377' title='bbox 1409 4522 1513 4602; x_wconf 84' lang='lat' dir='ltr'>fuerit,</span> <span class='ocrx_word' id='word_1_378' title='bbox 1537 4523 1627 4584; x_wconf 90' lang='lat' dir='ltr'>iuxta</span> <span class='ocrx_word' id='word_1_379' title='bbox 1651 4523 1842 4584; x_wconf 88' lang='lat' dir='ltr'>dilacionem</span> <span class='ocrx_word' id='word_1_380' title='bbox 1868 4527 1899 4584; x_wconf 91' lang='lat' dir='ltr'>in</span> <span class='ocrx_word' id='word_1_381' title='bbox 1916 4525 1997 4585; x_wconf 91' lang='lat' dir='ltr'>sino·</span> 
     </span>
     <span class='ocr_line' id='line_1_37' title="bbox 443 4627 1998 4714; baseline -0.001 -23"><span class='ocrx_word' id='word_1_382' title='bbox 443 4628 494 4691; x_wconf 93' lang='lat' dir='ltr'>do.</span> <span class='ocrx_word' id='word_1_383' title='bbox 512 4663 555 4674; x_wconf 86' lang='lat'>--</span> <span class='ocrx_word' id='word_1_384' title='bbox 573 4629 726 4691; x_wconf 90' lang='lat' dir='ltr'>Nicolaus</span> <span class='ocrx_word' id='word_1_385' title='bbox 750 4627 862 4692; x_wconf 85' lang='lat' dir='ltr'>Solsza</span> <span class='ocrx_word' id='word_1_386' title='bbox 887 4631 1083 4694; x_wconf 87' lang='lat' dir='ltr'>substitutus</span> <span class='ocrx_word' id='word_1_387' title='bbox 1107 4653 1169 4714; x_wconf 90' lang='lat' dir='ltr'>pro</span> <span class='ocrx_word' id='word_1_388' title='bbox 1193 4633 1299 4714; x_wconf 91' lang='lat' dir='ltr'>primo</span> <span class='ocrx_word' id='word_1_389' title='bbox 1323 4629 1429 4692; x_wconf 87' lang='lat' dir='ltr'>solvet</span> <span class='ocrx_word' id='word_1_390' title='bbox 1452 4649 1569 4709; x_wconf 88' lang='lat' dir='ltr'>penam</span> <span class='ocrx_word' id='word_1_391' title='bbox 1595 4630 1783 4700; x_wconf 82' lang='lat' dir='ltr'>sinodalem,</span> <span class='ocrx_word' id='word_1_392' title='bbox 1808 4631 1834 4690; x_wconf 89' lang='lat' dir='ltr'>si</span> <span class='ocrx_word' id='word_1_393' title='bbox 1852 4629 1998 4692; x_wconf 84' lang='lat' dir='ltr'>similiter</span> 
     </span>
     <span class='ocr_line' id='line_1_38' title="bbox 444 4735 1998 4818; baseline 0.002 -22"><span class='ocrx_word' id='word_1_394' title='bbox 444 4748 593 4816; x_wconf 90' lang='lat' dir='ltr'>repertus</span> <span class='ocrx_word' id='word_1_395' title='bbox 618 4735 721 4810; x_wconf 87' lang='lat' dir='ltr'>fuerit,</span> <span class='ocrx_word' id='word_1_396' title='bbox 746 4751 844 4818; x_wconf 91' lang='lat' dir='ltr'>prout</span> <span class='ocrx_word' id='word_1_397' title='bbox 868 4740 898 4799; x_wconf 91' lang='lat' dir='ltr'>iu</span> <span class='ocrx_word' id='word_1_398' title='bbox 917 4737 1033 4802; x_wconf 90' lang='lat' dir='ltr'>sinodo</span> <span class='ocrx_word' id='word_1_399' title='bbox 1058 4738 1192 4802; x_wconf 89' lang='lat' dir='ltr'>delatus.</span> <span class='ocrx_word' id='word_1_400' title='bbox 1211 4775 1250 4784; x_wconf 69' lang='lat'>..,</span> <span class='ocrx_word' id='word_1_401' title='bbox 1268 4735 1518 4799; x_wconf 88' lang='lat' dir='ltr'>Bartholomeus</span> <span class='ocrx_word' id='word_1_402' title='bbox 1543 4735 1645 4797; x_wconf 82' lang='lat' dir='ltr'>Zenilr</span> <span class='ocrx_word' id='word_1_403' title='bbox 1669 4737 1866 4800; x_wconf 90' lang='lat' dir='ltr'>substitutus</span> <span class='ocrx_word' id='word_1_404' title='bbox 1890 4739 1998 4799; x_wconf 86' lang='lat' dir='ltr'>solvet</span> 
     </span>
     <span class='ocr_line' id='line_1_39' title="bbox 444 4843 1996 4926; baseline 0.001 -23"><span class='ocrx_word' id='word_1_405' title='bbox 444 4863 561 4922; x_wconf 88' lang='lat' dir='ltr'>penam</span> <span class='ocrx_word' id='word_1_406' title='bbox 587 4845 765 4907; x_wconf 90' lang='lat' dir='ltr'>sinodalem</span> <span class='ocrx_word' id='word_1_407' title='bbox 792 4867 850 4924; x_wconf 89' lang='lat' dir='ltr'>pro</span> <span class='ocrx_word' id='word_1_408' title='bbox 867 4848 983 4926; x_wconf 85' lang='lat' dir='ltr'>prirn0,</span> <span class='ocrx_word' id='word_1_409' title='bbox 1016 4848 1041 4908; x_wconf 91' lang='lat' dir='ltr'>si</span> <span class='ocrx_word' id='word_1_410' title='bbox 1059 4849 1100 4908; x_wconf 88' lang='lat' dir='ltr'>de</span> <span class='ocrx_word' id='word_1_411' title='bbox 1117 4857 1228 4908; x_wconf 89' lang='lat' dir='ltr'>cetero</span> <span class='ocrx_word' id='word_1_412' title='bbox 1252 4857 1402 4926; x_wconf 86' lang='lat' dir='ltr'>repertus</span> <span class='ocrx_word' id='word_1_413' title='bbox 1426 4843 1520 4906; x_wconf 85' lang='lat' dir='ltr'>fuerit</span> <span class='ocrx_word' id='word_1_414' title='bbox 1545 4845 1575 4904; x_wconf 95' lang='lat' dir='ltr'>in</span> <span class='ocrx_word' id='word_1_415' title='bbox 1599 4843 1754 4925; x_wconf 88' lang='lat' dir='ltr'>hospiciis</span> <span class='ocrx_word' id='word_1_416' title='bbox 1779 4844 1820 4906; x_wconf 88' lang='lat' dir='ltr'>de</span> <span class='ocrx_word' id='word_1_417' title='bbox 1844 4856 1941 4907; x_wconf 88' lang='lat' dir='ltr'>nocte</span> <span class='ocrx_word' id='word_1_418' title='bbox 1965 4847 1996 4905; x_wconf 92' lang='lat' dir='ltr'>in</span> 
     </span>
     <span class='ocr_line' id='line_1_40' title="bbox 443 4949 1998 5032; baseline -0.001 -18"><span class='ocrx_word' id='word_1_419' title='bbox 443 4952 519 5014; x_wconf 93' lang='lat' dir='ltr'>ludo</span> <span class='ocrx_word' id='word_1_420' title='bbox 544 4949 728 5013; x_wconf 88' lang='lat' dir='ltr'>taxillorum</span> <span class='ocrx_word' id='word_1_421' title='bbox 754 4956 783 5012; x_wconf 90' lang='lat' dir='ltr'>iu</span> <span class='ocrx_word' id='word_1_422' title='bbox 810 4954 1058 5024; x_wconf 88' lang='lat' dir='ltr'>incontinencia,</span> <span class='ocrx_word' id='word_1_423' title='bbox 1082 4965 1116 5016; x_wconf 89' lang='lat' dir='ltr'>et</span> <span class='ocrx_word' id='word_1_424' title='bbox 1139 4953 1199 5015; x_wconf 88' lang='lat' dir='ltr'>sub</span> <span class='ocrx_word' id='word_1_425' title='bbox 1224 4952 1337 5014; x_wconf 92' lang='lat' dir='ltr'>eadem</span> <span class='ocrx_word' id='word_1_426' title='bbox 1363 4971 1448 5032; x_wconf 90' lang='lat' dir='ltr'>pena</span> <span class='ocrx_word' id='word_1_427' title='bbox 1473 4951 1610 5011; x_wconf 91' lang='lat' dir='ltr'>sinodali</span> <span class='ocrx_word' id='word_1_428' title='bbox 1634 4952 1796 5030; x_wconf 90' lang='lat' dir='ltr'>primicias</span> <span class='ocrx_word' id='word_1_429' title='bbox 1820 4951 1998 5014; x_wconf 87' lang='lat' dir='ltr'>celebrabit</span> 
     </span>
     <span class='ocr_line' id='line_1_41' title="bbox 443 5057 1998 5139; baseline -0.001 -19"><span class='ocrx_word' id='word_1_430' title='bbox 443 5057 525 5120; x_wconf 83' lang='lat' dir='ltr'>infra</span> <span class='ocrx_word' id='word_1_431' title='bbox 549 5057 623 5120; x_wconf 91' lang='lat' dir='ltr'>hinc</span> <span class='ocrx_word' id='word_1_432' title='bbox 647 5069 679 5120; x_wconf 86' lang='lat' dir='ltr'>et</span> <span class='ocrx_word' id='word_1_433' title='bbox 699 5057 816 5120; x_wconf 84' lang='lat' dir='ltr'>festum</span> <span class='ocrx_word' id='word_1_434' title='bbox 841 5060 1065 5123; x_wconf 87' lang='lat' dir='ltr'>Pentecostes.</span> <span class='ocrx_word' id='word_1_435' title='bbox 1082 5095 1123 5106; x_wconf 91' lang='lat'>—-</span> <span class='ocrx_word' id='word_1_436' title='bbox 1141 5060 1282 5122; x_wconf 86' lang='lat' dir='ltr'>Mathias</span> <span class='ocrx_word' id='word_1_437' title='bbox 1299 5057 1443 5122; x_wconf 90' lang='lat' dir='ltr'>Varchol</span> <span class='ocrx_word' id='word_1_438' title='bbox 1468 5058 1661 5121; x_wconf 88' lang='lat' dir='ltr'>substitutus</span> <span class='ocrx_word' id='word_1_439' title='bbox 1684 5057 1790 5119; x_wconf 89' lang='lat' dir='ltr'>solvet</span> <span class='ocrx_word' id='word_1_440' title='bbox 1816 5077 1875 5136; x_wconf 93' lang='lat' dir='ltr'>pro</span> <span class='ocrx_word' id='word_1_441' title='bbox 1892 5059 1998 5139; x_wconf 89' lang='lat' dir='ltr'>primo</span> 
     </span>
     <span class='ocr_line' id='line_1_42' title="bbox 443 5163 1997 5248; baseline 0 -22"><span class='ocrx_word' id='word_1_442' title='bbox 443 5185 562 5246; x_wconf 87' lang='lat' dir='ltr'>penam</span> <span class='ocrx_word' id='word_1_443' title='bbox 587 5166 776 5240; x_wconf 86' lang='lat' dir='ltr'>sinodalem,</span> <span class='ocrx_word' id='word_1_444' title='bbox 801 5169 827 5228; x_wconf 91' lang='lat' dir='ltr'>si</span> <span class='ocrx_word' id='word_1_445' title='bbox 851 5177 1000 5248; x_wconf 89' lang='lat' dir='ltr'>repertus</span> <span class='ocrx_word' id='word_1_446' title='bbox 1024 5167 1118 5229; x_wconf 86' lang='lat' dir='ltr'>luerit</span> <span class='ocrx_word' id='word_1_447' title='bbox 1142 5169 1174 5228; x_wconf 94' lang='lat' dir='ltr'>in</span> <span class='ocrx_word' id='word_1_448' title='bbox 1191 5169 1276 5241; x_wconf 87' lang='lat' dir='ltr'>rixis,</span> <span class='ocrx_word' id='word_1_449' title='bbox 1301 5167 1378 5229; x_wconf 93' lang='lat' dir='ltr'>ludo</span> <span class='ocrx_word' id='word_1_450' title='bbox 1402 5164 1588 5228; x_wconf 89' lang='lat' dir='ltr'>taxillorum</span> <span class='ocrx_word' id='word_1_451' title='bbox 1612 5165 1645 5225; x_wconf 91' lang='lat' dir='ltr'>in</span> <span class='ocrx_word' id='word_1_452' title='bbox 1668 5163 1823 5243; x_wconf 89' lang='lat' dir='ltr'>hospiciis</span> <span class='ocrx_word' id='word_1_453' title='bbox 1843 5165 1884 5226; x_wconf 91' lang='lat' dir='ltr'>de</span> <span class='ocrx_word' id='word_1_454' title='bbox 1900 5176 1997 5227; x_wconf 90' lang='lat' dir='ltr'>nocte</span> 
     </span>
     <span class='ocr_line' id='line_1_43' title="bbox 443 5271 1998 5356; baseline -0.001 -22"><span class='ocrx_word' id='word_1_455' title='bbox 443 5271 570 5334; x_wconf 89' lang='lat' dir='ltr'>sedens.</span> <span class='ocrx_word' id='word_1_456' title='bbox 595 5309 638 5318; x_wconf 93' lang='lat'>—</span> <span class='ocrx_word' id='word_1_457' title='bbox 661 5273 782 5355; x_wconf 90' lang='lat' dir='ltr'>lozeph</span> <span class='ocrx_word' id='word_1_458' title='bbox 806 5273 950 5337; x_wconf 90' lang='lat' dir='ltr'>altarista</span> <span class='ocrx_word' id='word_1_459' title='bbox 974 5276 1079 5336; x_wconf 90' lang='lat' dir='ltr'>solvet</span> <span class='ocrx_word' id='word_1_460' title='bbox 1105 5295 1220 5356; x_wconf 86' lang='lat' dir='ltr'>penam</span> <span class='ocrx_word' id='word_1_461' title='bbox 1246 5273 1424 5338; x_wconf 88' lang='lat' dir='ltr'>sinodalem</span> <span class='ocrx_word' id='word_1_462' title='bbox 1451 5294 1510 5352; x_wconf 91' lang='lat' dir='ltr'>pro</span> <span class='ocrx_word' id='word_1_463' title='bbox 1535 5275 1649 5353; x_wconf 86' lang='lat' dir='ltr'>primo,</span> <span class='ocrx_word' id='word_1_464' title='bbox 1683 5275 1709 5334; x_wconf 89' lang='lat' dir='ltr'>si</span> <span class='ocrx_word' id='word_1_465' title='bbox 1734 5273 1888 5334; x_wconf 90' lang='lat' dir='ltr'>decetero</span> <span class='ocrx_word' id='word_1_466' title='bbox 1911 5273 1998 5334; x_wconf 92' lang='lat' dir='ltr'>visus</span> 
     </span>
     <span class='ocr_line' id='line_1_44' title="bbox 443 5378 1997 5462; baseline 0 -22"><span class='ocrx_word' id='word_1_467' title='bbox 443 5378 537 5442; x_wconf 90' lang='lat' dir='ltr'>fuerit</span> <span class='ocrx_word' id='word_1_468' title='bbox 561 5380 647 5460; x_wconf 88' lang='lat' dir='ltr'>apud</span> <span class='ocrx_word' id='word_1_469' title='bbox 677 5379 807 5442; x_wconf 92' lang='lat' dir='ltr'>Florian</span> <span class='ocrx_word' id='word_1_470' title='bbox 832 5391 893 5444; x_wconf 88' lang='lat' dir='ltr'>etc.</span> <span class='ocrx_word' id='word_1_471' title='bbox 917 5417 960 5428; x_wconf 85' lang='lat'><em>-</em></span> <span class='ocrx_word' id='word_1_472' title='bbox 986 5381 1137 5444; x_wconf 88' lang='lat' dir='ltr'>Allexius</span> <span class='ocrx_word' id='word_1_473' title='bbox 1169 5382 1275 5444; x_wconf 79' lang='lat' dir='ltr'>Mislta</span> <span class='ocrx_word' id='word_1_474' title='bbox 1300 5382 1462 5462; x_wconf 88' lang='lat' dir='ltr'>presbiter</span> <span class='ocrx_word' id='word_1_475' title='bbox 1486 5379 1526 5442; x_wconf 89' lang='lat' dir='ltr'>de</span> <span class='ocrx_word' id='word_1_476' title='bbox 1551 5379 1740 5442; x_wconf 84' lang='lat' dir='ltr'>Polthowsk</span> <span class='ocrx_word' id='word_1_477' title='bbox 1772 5383 1798 5442; x_wconf 94' lang='lat' dir='ltr'>si</span> <span class='ocrx_word' id='word_1_478' title='bbox 1822 5379 1863 5442; x_wconf 89' lang='lat' dir='ltr'>de</span> <span class='ocrx_word' id='word_1_479' title='bbox 1886 5392 1997 5442; x_wconf 89' lang='lat' dir='ltr'>cetero</span> 
     </span>
     <span class='ocr_line' id='line_1_45' title="bbox 443 5486 1998 5568; baseline -0.001 -18"><span class='ocrx_word' id='word_1_480' title='bbox 443 5497 591 5567; x_wconf 87' lang='lat' dir='ltr'>repertus</span> <span class='ocrx_word' id='word_1_481' title='bbox 616 5486 710 5550; x_wconf 86' lang='lat' dir='ltr'>suerit</span> <span class='ocrx_word' id='word_1_482' title='bbox 739 5490 770 5548; x_wconf 95' lang='lat' dir='ltr'>in</span> <span class='ocrx_word' id='word_1_483' title='bbox 795 5489 882 5564; x_wconf 89' lang='lat' dir='ltr'>rixis,</span> <span class='ocrx_word' id='word_1_484' title='bbox 915 5489 1178 5568; x_wconf 86' lang='lat' dir='ltr'>percussionibus</span> <span class='ocrx_word' id='word_1_485' title='bbox 1210 5500 1244 5551; x_wconf 93' lang='lat' dir='ltr'>et</span> <span class='ocrx_word' id='word_1_486' title='bbox 1267 5488 1337 5551; x_wconf 91' lang='lat' dir='ltr'>aliis</span> <span class='ocrx_word' id='word_1_487' title='bbox 1361 5488 1607 5568; x_wconf 87' lang='lat' dir='ltr'>quibuscunque</span> <span class='ocrx_word' id='word_1_488' title='bbox 1631 5489 1827 5562; x_wconf 88' lang='lat' dir='ltr'>excessibus,</span> <span class='ocrx_word' id='word_1_489' title='bbox 1860 5489 1998 5550; x_wconf 90' lang='lat' dir='ltr'>incarce-</span> 
     </span>
     <span class='ocr_line' id='line_1_46' title="bbox 444 5593 1997 5676; baseline -0.001 -20"><span class='ocrx_word' id='word_1_490' title='bbox 444 5605 539 5658; x_wconf 89' lang='lat' dir='ltr'>retur.</span> <span class='ocrx_word' id='word_1_491' title='bbox 557 5631 596 5640; x_wconf 85' lang='lat'>—</span> <span class='ocrx_word' id='word_1_492' title='bbox 616 5593 785 5657; x_wconf 90' lang='lat' dir='ltr'>Discretus</span> <span class='ocrx_word' id='word_1_493' title='bbox 810 5595 974 5668; x_wconf 88' lang='lat' dir='ltr'>Derslaus,</span> <span class='ocrx_word' id='word_1_494' title='bbox 1000 5597 1136 5658; x_wconf 87' lang='lat' dir='ltr'>vicarius</span> <span class='ocrx_word' id='word_1_495' title='bbox 1160 5599 1192 5656; x_wconf 93' lang='lat' dir='ltr'>in</span> <span class='ocrx_word' id='word_1_496' title='bbox 1217 5595 1297 5676; x_wconf 93' lang='lat' dir='ltr'>Gzy,</span> <span class='ocrx_word' id='word_1_497' title='bbox 1320 5595 1427 5658; x_wconf 87' lang='lat' dir='ltr'>solvet</span> <span class='ocrx_word' id='word_1_498' title='bbox 1451 5615 1571 5675; x_wconf 90' lang='lat' dir='ltr'>penam</span> <span class='ocrx_word' id='word_1_499' title='bbox 1595 5595 1775 5657; x_wconf 88' lang='lat' dir='ltr'>sinodalem</span> <span class='ocrx_word' id='word_1_500' title='bbox 1799 5615 1859 5676; x_wconf 92' lang='lat' dir='ltr'>pro</span> <span class='ocrx_word' id='word_1_501' title='bbox 1883 5595 1997 5674; x_wconf 91' lang='lat' dir='ltr'>primo,</span> 
     </span>
     <span class='ocr_line' id='line_1_47' title="bbox 444 5701 1999 5784; baseline -0.003 -18"><span class='ocrx_word' id='word_1_502' title='bbox 444 5703 470 5766; x_wconf 90' lang='lat' dir='ltr'>si</span> <span class='ocrx_word' id='word_1_503' title='bbox 493 5702 649 5766; x_wconf 86' lang='lat' dir='ltr'>decctcro</span> <span class='ocrx_word' id='word_1_504' title='bbox 673 5713 823 5783; x_wconf 89' lang='lat' dir='ltr'>repertus</span> <span class='ocrx_word' id='word_1_505' title='bbox 846 5702 949 5779; x_wconf 84' lang='lat' dir='ltr'>fuerit,</span> <span class='ocrx_word' id='word_1_506' title='bbox 980 5715 1078 5784; x_wconf 91' lang='lat' dir='ltr'>prout</span> <span class='ocrx_word' id='word_1_507' title='bbox 1101 5705 1134 5764; x_wconf 92' lang='lat' dir='ltr'>in</span> <span class='ocrx_word' id='word_1_508' title='bbox 1158 5703 1275 5766; x_wconf 91' lang='lat' dir='ltr'>sinodo</span> <span class='ocrx_word' id='word_1_509' title='bbox 1298 5702 1529 5784; x_wconf 90' lang='lat' dir='ltr'>pronunciatus</span> <span class='ocrx_word' id='word_1_510' title='bbox 1554 5712 1611 5765; x_wconf 89' lang='lat' dir='ltr'>est.</span> <span class='ocrx_word' id='word_1_511' title='bbox 1638 5737 1678 5748; x_wconf 85' lang='lat'>-</span> <span class='ocrx_word' id='word_1_512' title='bbox 1702 5701 1826 5777; x_wconf 87' lang='lat' dir='ltr'>Petrus,</span> <span class='ocrx_word' id='word_1_513' title='bbox 1854 5701 1999 5764; x_wconf 89' lang='lat' dir='ltr'>minister</span> 
     </span>
    </p>
   </div>
   <div class='ocr_carea' id='block_1_6' title="bbox 0 0 2201 6672">
    <p class='ocr_par' dir='ltr' id='par_1_7' title="bbox 0 0 2201 6672">
     <span class='ocr_line' id='line_1_48' title="bbox 0 0 2201 6672; baseline 0 0"><span class='ocrx_word' id='word_1_514' title='bbox 0 0 2201 6672; x_wconf 95' lang='lat' dir='ltr'> </span> 
     </span>
    </p>
   </div>
  </div>
 </body>
</html>
