4392 6672
551 765 652 771 ——-..
669 765 702 770 .-.
729 766 747 770 .-
772 765 842 770 -..--
863 765 1256 772 -------.-----.--
1272 767 1300 771 -
1316 764 1597 774 --—-——-.—-—

918 675 1005 724 ANNI
1025 672 1102 727 1466.
1741 691 1780 757 25

233 894 381 966 repetere
408 887 437 945 in
455 883 596 947 muliere.
624 884 667 948 Et
683 884 801 946 ibidem
827 884 976 947 nobilis„
1002 887 1181 966 proposuit.
1207 887 1373 968 quomodo
1398 888 1449 948 die
1467 888 1630 950 dominIco
1655 887 1781 948 Ramis-

233 990 410 1070 palmarum
435 995 559 1054 monuit
583 1013 655 1053 eum
690 994 718 1052 iu
745 991 904 1054 kathedra
927 1002 1003 1072 post
1028 1013 1209 1054 sermonem
1235 995 1355 1064 dicens,
1388 994 1476 1074 quod
1508 1017 1571 1055 non
1597 997 1780 1074 permittam

231 1099 387 1160 accedere
412 1100 508 1160 dnum
543 1100 719 1161 Iohannem
752 1099 794 1161 ad
817 1110 1066 1166 sacramentum.
1102 1102 1160 1162 nisi
1195 1103 1282 1179 prius
1314 1101 1446 1163 solverit
1482 1103 1576 1164 michi
1610 1103 1782 1178 decimam;

232 1208 368 1268 extimat
392 1209 536 1268 iniuriam
562 1207 604 1268 ad
628 1205 660 1267 X
684 1226 874 1288 sexagenas.
901 1205 952 1267 Ex
975 1208 1115 1268 adverso
1139 1208 1275 1269 vicarius
1298 1211 1429 1290 negavit
1453 1221 1615 1270 narrata..

338 1309 399 1378 66.
424 1313 577 1393 (Ibidem).
602 1313 637 1374 In
663 1333 760 1374 causa
786 1313 910 1390 providi
936 1313 1086 1374 Iohannis
1110 1315 1151 1376 de
1175 1313 1370 1395 Zaeroczym
1396 1327 1510 1378 contra
1534 1313 1648 1377 honor.
1672 1315 1781 1376 Iohan-

231 1441 304 1482 nem
332 1422 503 1500 plebanum
530 1425 630 1481 eciam
656 1421 696 1480 de
720 1419 926 1498 Zaeroczym‚
960 1440 1038 1500 mgr.
1062 1419 1178 1480 Paulus
1202 1424 1366 1482 accusavit
1390 1423 1626 1484 contumaciam
1652 1421 1782 1502 plebani

231 1547 295 1587 non
320 1529 550 1610 respondentis
574 1529 803 1608 proposicioni
844 1525 895 1586 Ex
919 1527 1058 1588 adverso
1082 1540 1255 1590 succentor
1280 1539 1472 1609 procurator
1496 1529 1624 1610 plebani
1651 1549 1781 1608 respon·

230 1634 338 1695 dendo
363 1633 404 1695 ad
430 1637 563 1713 primam
590 1635 853 1714 proposicionem
879 1634 969 1708 dixit,
995 1636 1082 1713 quod
1100 1635 1182 1696 iuste
1200 1637 1493 1697 excommunicavit
1518 1656 1591 1697 eum
1617 1646 1651 1697 ut
1669 1649 1781 1715 pastor

232 1762 326 1802 verus
351 1741 559 1822 processibus
582 1741 635 1802 dni
662 1740 826 1821 Episcopi.
852 1760 935 1819 quos
960 1739 1100 1820 desuper·
1125 1742 1303 1820 producere
1328 1762 1363 1802 se
1381 1743 1541 1816 submisit;
1566 1742 1665 1803 Paulo
1689 1742 1781 1821 repli-

229 1861 332 1919 cante,
357 1848 445 1927 quod
470 1848 627 1928 plebanus
651 1847 708 1909 luit
731 1850 875 1909 avisatus
900 1867 959 1927 per
975 1846 1195 1910 confessorem
1214 1848 1374 1922 Iohannis,
1399 1853 1451 1929 qui
1470 1850 1685 1927 suspenderat
1707 1867 1780 1909 enm

229 1964 365 2036 propter
389 1956 575 2016 inimicicias
595 1956 785 2030 vicinorum;
809 1965 1001 2015 succentore
1018 1964 1168 2032 negante,
1195 1955 1346 2032 probabit
1363 1965 1506 2035 uterque.
1533 1955 1587 2016 Ad
1606 1955 1780 2016 secundam

231 2063 491 2140 proposicionem
530 2082 589 2138 pro
621 2061 720 2122 szoda
752 2059 843 2126 dixit.
879 2059 966 2140 quod
992 2073 1042 2122 est
1074 2064 1277 2140 compositus
1310 2083 1367 2142 per
1399 2061 1481 2122 dnos
1514 2063 1703 2140 dignitarIos
1727 2061 1780 2122 dni

229 2169 327 2236 ducis,
360 2189 455 2247 quam
481 2167 643 2228 lohannes
672 2187 714 2228 ex
738 2167 871 2228 decreto
904 2168 1106 2228 dominorum
1141 2168 1253 2230 debuit
1286 2171 1428 2246 reprere
1462 2167 1548 2248 apud
1573 2169 1723 2230 consules
1748 2179 1781 2229 et

229 2275 316 2356 apud
342 2274 528 2356 plebanum,
561 2275 619 2336 sed
645 2276 735 2352 ipsos
768 2295 827 2353 pro
852 2273 965 2334 eadem
992 2293 1055 2332 non
1081 2276 1229 2342 avisavit,
1262 2293 1325 2353 que
1350 2275 1444 2334 szoda
1472 2285 1520 2334 est
1552 2275 1611 2335 sub
1637 2274 1781 2335 clavibus

229 2382 410 2458 consulum;
442 2382 483 2443 ad
508 2383 640 2442 terciam
666 2381 894 2460 respondendo
919 2381 1010 2446 dixit.
1045 2381 1132 2458 quod
1157 2383 1314 2458 equitavit
1340 2401 1402 2442 non
1429 2385 1458 2440 tn
1484 2383 1624 2460 negoci0
1650 2381 1777 2458 plebani

229 2489 287 2550 sed
312 2490 351 2548 ad
377 2489 605 2567 exequendum
631 2507 723 2548 suum
749 2489 917 2566 negocium
941 2489 972 2546 in
998 2488 1153 2565 expensis
1177 2486 1340 2566 plebani..

441 2681 482 2742 Α.
512 2681 602 2758 1466,
628 2677 694 2740 Iulii
719 2697 748 2758 9,
774 2681 805 2740 in
832 2678 997 2742 I'oltowsk
1021 2681 1051 2739 in
1078 2679 1164 2740 curia
1189 2679 1376 2760 epIscopali.

336 2801 397 2870 66.
421 2804 518 2882 (Acta
543 2806 641 2884 episc.
667 2803 722 2884 I)..
749 2803 839 2866 Dnus
864 2802 1032 2877 Stiborius,
1064 2805 1239 2882 episcopus
1264 2804 1435 2878 Plocensis‚
1469 2807 1648 2866 constituto
1672 2826 1779 2884 perso-

229 2914 341 2976 naliter
365 2931 475 2974 coram
500 2931 558 2972 sua
582 2910 640 2972 Pte
664 2911 804 2972 discreto
828 2910 980 2978 Iohanne.
1006 2923 1131 2970 rectore
1157 2910 1292 2972 ecclesie
1319 2909 1510 2987 parochialis
1534 2914 1564 2972 in
1583 2911 1778 2992 Lopaezino‚

227 3023 257 3081 in
283 3022 382 3082 scissa
400 3021 507 3080 tunica
532 3019 711 3085 incedente.
738 3020 949 3096 interrogavit
974 3019 1094 3078 dIctum
1121 3017 1305 3096 plebanum,
1330 3039 1369 3079 an
1387 3017 1522 3079 haberet
1547 3017 1633 3096 apud
1657 3039 1692 3079 se
1718 3027 1779 3080 sta·

228 3137 295 3188 tuta
321 3125 484 3192 siuodalia¹
510 3146 573 3205 que
597 3125 731 3204 quilibet
758 3125 915 3203 plebanus
940 3125 1060 3184 habere
1085 3134 1118 3184 et
1143 3125 1224 3185 scire
1248 3135 1377 3185 tenetur
1402 3137 1434 3184 et
1459 3127 1536 3205 quid
1562 3126 1655 3186 ineis
1679 3127 1776 3186 conti·

229 3245 348 3304 neatur,
373 3233 660 3312 respondenteque
684 3231 835 3311 plebano
868 3231 955 3311 quod
981 3251 1046 3291 uon
1070 3231 1198 3304 habeat,
1223 3229 1305 3290 dnus
1333 3231 1514 3313 Episcopus
1539 3234 1715 3312 assignavit
1739 3235 1779 3293 ei·

228 3344 301 3402 dem
327 3341 466 3420 plebano
489 3341 662 3400 terminum
687 3339 772 3400 diem
800 3340 930 3398 terciam
958 3349 1032 3418 post
1058 3337 1175 3400 festum
1203 3337 1388 3399 Natiuitatis
1413 3340 1440 3399 b.
1460 3339 1561 3398 Marie
1587 3360 1679 3418 prox.
1704 3339 1779 3400 affu-

227 3463 341 3517 turum,
367 3466 432 3524 quo
449 3446 624 3524 capitulum
649 3444 799 3523 generale
825 3445 1041 3506 celebrabitur
1064 3448 1094 3505 in
1114 3445 1259 3513 Ploczlra
1285 3445 1336 3506 ubi
1361 3455 1484 3505 statuta
1508 3445 1666 3506 sinodalia
1691 3448 1778 3507 dicto

228 3555 367 3634 plebano
391 3553 613 3618 ostendentur.
646 3573 708 3630 que
732 3565 858 3626 cavent,
890 3554 977 3631 quod
1003 3553 1106 3612 nullus
1130 3551 1264 3612 clericus
1288 3554 1318 3612 in
1344 3555 1444 3612 scissa
1467 3551 1596 3612 incedat
1622 3567 1720 3622 veste,
1746 3565 1779 3614 et

228 3685 286 3743 pro
311 3663 484 3729 demeritis,
511 3663 540 3720 In
567 3661 653 3738 quod
679 3661 796 3720 iustum
823 3659 916 3720 fuerit
940 3669 974 3719 et
998 3669 1121 3721 statuta
1145 3657 1268 3737 prelata
1294 3659 1469 3724 sanxerint.
1494 3658 1717 3720 decernetur..

439 3854 480 3914 A.
510 3854 601 3929 1466,
626 3853 692 3912 Iulii
725 3869 768 3922 12,
794 3855 824 3912 in
852 3851 1015 3912 Poltowsk
1039 3853 1069 3910 in
1095 3852 1181 3912 curia
1205 3851 1395 3930 episcopali.

333 3975 395 4043 67.
420 3977 518 4058 (Acta
542 3979 641 4056 episc.
659 3977 714 4054 Il..
739 3979 945 4040 Constitutus
969 3979 1184 4056 personaliter
1200 3977 1316 4036 nobilis
1334 3975 1473 4036 Mathias
1490 3973 1741 4056 Zawystowslcy
1754 4028 1776 4038 ..

225 4109 369 4150 coram..
404 4085 470 4146 dno
495 4085 637 4145 ¹Stiborio
670 4086 827 4164 episcopo
860 4083 1006 4145 Plocensi
1039 4084 1264 4162 recognovit..
1301 4084 1389 4161 quod
1412 4081 1518 4143 eundo
1542 4083 1584 4144 ad
1608 4086 1777 4163 expedi·

224 4200 390 4258 cionem
424 4192 625 4253 bellicam
650 4212 710 4271 pro
735 4192 957 4270 expugnando
982 4190 1141 4252 fortalicio
1165 4189 1295 4252 Sadlow
1321 4192 1429 4250 stabat
1455 4191 1483 4248 in
1511 4189 1583 4249 villa
1610 4189 1776 4252 Podmars·

223 4307 328 4378 czino;
354 4299 559 4378 presentibus
584 4298 702 4360 ibidem
729 4298 889 4358 nobilibus
913 4300 987 4359 viris
1012 4299 1084 4358 dnis
1108 4297 1251 4358 Iohanne
1279 4296 1421 4357 Wansch
1447 4298 1608 4376 pincerna,
1633 4296 1776 4358 Iohanne

224 4411 264 4470 de
290 4407 459 4486 Kobilyno
484 4414 517 4465 et
534 4404 672 4466 Derslao
696 4405 738 4465 de
757 4405 906 4485 Podosye
931 4405 1133 4474 cubiculario,
1159 4403 1366 4464 familiaribus
1390 4403 1443 4463 dni
1468 4403 1624 4484 Episcopi
1651 4403 1776 4482 prefati.

440 4597 479 4657 Α.
511 4597 599 4674 1466,
627 4597 767 4676 Augusti
793 4599 825 4668 6,
850 4599 879 4656 in
906 4596 1094 4659 Polthowsk
1119 4599 1150 4657 in
1175 4598 1259 4656 curia
1285 4595 1471 4675 episcopali.

331 4721 394 4786 68.
419 4723 515 4802 (Acta
533 4724 630 4802 episc.
648 4721 679 4802 Ι).
706 4721 830 4782 Nobilis
847 4719 983 4783 Sdaisek
1000 4722 1039 4781 de
1059 4721 1314 4790 Ganschorow0,
1335 4720 1389 4780 dni
1408 4719 1561 4799 Episcopi
1580 4721 1776 4799 prolocutor,

223 4851 333 4893 coram
359 4830 519 4890 nobilibus
543 4829 684 4889 Martinu
709 4827 843 4890 Strusch
869 4830 971 4890 iudice
997 4839 1029 4888 et
1047 4828 1188 4888 Iohanne
1217 4829 1257 4887 de
1275 4825 1506 4904 Mislkowyecz
1530 4827 1694 4888 subindice
1720 4848 1776 4905 per

225 4943 323 5000 dnum
349 4936 549 5014 Episcopum
575 4935 740 5014 deputatis
765 4947 796 4994 et
814 4933 927 4996 locatis
945 4935 1156 5014 personaliter
1179 4935 1515 5003 constitutuscitatis
1539 4943 1571 4994 et
1589 4953 1776 5012 comparen-

223 5047 309 5107 tibus
334 5043 495 5103 nobilibus
521 5041 626 5112 Paulo,
660 5042 768 5104 Adam
794 5053 826 5103 et
851 5042 993 5102 Iohanne
1019 5043 1186 5103 advocatIs
1210 5043 1250 5100 de
1275 5039 1472 5119 Skornycze,
1505 5049 1618 5100 contra
1642 5037 1774 5101 Paulum

224 5156 360 5233 primum
397 5150 577 5230 proposuit,
613 5149 779 5227 quomodo
812 5151 881 5228 ipse
905 5149 1088 5209 hominibus
1120 5149 1173 5209 dni
1207 5147 1362 5227 Episcopi
1396 5157 1484 5207 esset
1516 5148 1718 5223 impetuosus
1742 5157 1775 5208 et

175 5253 179 5258 ’
222 5257 357 5320 infestus
374 5259 477 5317 minas
494 5255 680 5335 frequenter
697 5256 860 5316 incuciens
884 5267 925 5328 et,
944 5276 1027 5334 quos
1043 5255 1227 5314 coadunare
1251 5253 1394 5322 deberet,
1419 5254 1624 5332 dispergens;
1648 5253 1776 5314 noviter

223 5364 298 5426 dum
332 5383 390 5443 per
414 5363 549 5424 villicum
584 5361 656 5422 ville
680 5363 824 5423 einsdem
857 5363 963 5444 sigillo
996 5363 1048 5420 dni
1075 5362 1231 5438 Episcopi
1264 5361 1304 5421 ad
1330 5363 1397 5420 eius
1422 5361 1622 5440 presenciam
1655 5359 1774 5420 citatus

223 5483 319 5543 esset,
355 5479 508 5549 proterva
544 5479 576 5528 et
609 5470 791 5529 contumaci
824 5489 905 5528 voce
938 5469 1118 5548 respondit:
1150 5488 1214 5528 non
1242 5470 1328 5546 prius
1362 5487 1420 5526 vos
1448 5466 1617 5526 cessabitis
1649 5464 1689 5524 ab
1714 5463 1775 5526 hiis

222 5577 442 5642 citacionibus,
468 5576 526 5636 nisi
551 5574 641 5635 alicui
667 5595 706 5635 ex
733 5577 826 5636 vobis
850 5576 965 5636 dentes
990 5576 1069 5636 secti
1094 5587 1126 5636 et
1152 5575 1280 5635 excussi
1306 5573 1429 5644 luerint,
1449 5609 1487 5616 —
1516 5573 1697 5652 petiuitque
1721 5591 1775 5632 no·

224 5687 308 5744 mine
333 5683 386 5745 dni
412 5681 575 5762 Episcopi.
606 5693 638 5740 ut
663 5682 801 5742 eundem
828 5683 1078 5760 pronunciarent
1102 5680 1259 5741 cecidisse
1283 5701 1302 5740 a
1327 5681 1392 5739 iure
1418 5679 1570 5741 scultecie
1595 5676 1772 5738 secundum

327 5820 383 5860 Acta
396 5817 547 5860 ecclesiastica.
563 5817 598 5857 III.
1653 5797 1671 5849 4
