4458 6674
960 709 1050 764 ANNI
1068 707 1146 767 ibit.
1767 715 1825 780 161

278 802 378 811 -—-—..

276 923 387 998 tinum,
416 923 586 988 Nicolaum
612 925 694 1000 Acte,
719 925 890 988 Nicolaum
920 927 1014 998 Petri,
1038 926 1194 989 Iacobum
1222 925 1374 989 Iohannis
1403 925 1443 988 de
1465 926 1629 1001 'Czamoti
1658 927 1829 991 Nicolaum

278 1030 444 1094 Michaelis
469 1034 508 1093 de
534 1033 689 1114 Kosziny,
721 1033 878 1096 Martinus
909 1048 1101 1115 procurator
1127 1035 1256 1096 Anne..
1289 1036 1390 1096 verbo
1421 1038 1601 1116 proposuit,
1634 1037 1721 1117 quod
1754 1035 1829 1097 dum

278 1140 347 1219 ipse
378 1139 496 1201 nobilis
530 1139 677 1223 Nadmyr
701 1139 760 1202 suit
790 1143 907 1202 citatus
932 1143 974 1203 ad
999 1143 1149 1204 iudicium
1177 1153 1333 1204 terrestre
1358 1141 1670 1219 Czyechonoviense
1694 1161 1754 1223 pro
1778 1142 1828 1202 de·

278 1247 492 1326 pabulacione
516 1249 620 1319 tritici,
651 1267 762 1315 avene,
791 1249 892 1320 ordei,
922 1249 982 1328 pisi
1006 1249 1036 1309 in
1061 1251 1155 1310 bonis
1183 1248 1332 1330 Zagvisdi
1363 1249 1482 1310 valoris
1508 1249 1552 1309 Vl
1582 1269 1830 1332 sexagenarum,

278 1352 410 1414 tandem
444 1356 514 1434 ipse
546 1355 661 1415 nobilis
692 1353 849 1436 Nadmyr,
873 1367 909 1416 ut
935 1356 1128 1436 principalis,
1159 1375 1231 1416 cum
1263 1357 1357 1418 dictis
1386 1357 1525 1418 testibus
1557 1355 1636 1420 false
1665 1370 1697 1418 et
1722 1357 1830 1436 inique

278 1458 436 1521 abiuravit
467 1461 768 1541 depabulacionem‚
798 1481 934 1542 quorum
965 1461 1047 1524 falsa
1075 1465 1280 1523 abiuracione
1312 1462 1579 1542 depabulacionis
1603 1463 1831 1525 damnificare·

276 1579 350 1628 runt
382 1569 542 1648 prefatam
568 1568 700 1630 Annam
730 1580 796 1630 tam
827 1570 929 1630 eciam
958 1570 990 1629 in
1015 1587 1140 1632 summa
1173 1571 1349 1651 principali,
1383 1587 1479 1650 quam
1513 1572 1614 1632 eciam
1644 1573 1675 1631 in
1705 1571 1831 1631 damnis

279 1676 397 1736 exinde
421 1677 540 1737 secutis
575 1674 614 1737 ad
640 1675 673 1737 X
696 1695 881 1756 sexagenas
909 1697 953 1756 grv
983 1677 1013 1736 in
1038 1678 1151 1738 mediis
1179 1699 1234 1758 gr,
1260 1687 1376 1758 petens
1408 1677 1577 1740 eosdem..
1609 1677 1761 1757 compelli
1791 1678 1832 1738 ad

279 1781 476 1844 solucionem
499 1794 531 1844 et
554 1783 595 1845 de
616 1803 701 1864 pena
726 1785 905 1864 periurii
931 1785 1043 1864 puniri.
1068 1784 1292 1846 Exadverso..
1318 1784 1442 1846 nobiles
1469 1795 1669 1866 negaverunt
1693 1805 1728 1846 se
1751 1782 1832 1846 salse
1880 1805 1885 1816 ·

279 1890 409 1964 iurasse,
440 1891 498 1952 sed
522 1911 599 1952 vere
624 1901 656 1952 et
679 1893 778 1967 iuste;
807 1889 950 1953 Martino
979 1902 1191 1971 procuratore
1216 1891 1315 1953 Anne
1340 1890 1498 1954 offerente
1522 1909 1557 1953 se
1582 1892 1833 1972 probaturum..

491 2083 534 2144 A.
564 2097 654 2162 1512,
680 2083 785 2146 Martii
812 2100 862 2158 22,
886 2086 918 2146 in
943 2086 1137 2146 consistorio
1161 2084 1369 2146 Poltoviensi.

386 2203 475 2272 3511.
500 2207 597 2287 (Acta
619 2205 701 2268 offic.
722 2206 763 2284 Χ)
788 2207 822 2269 In
840 2227 937 2270 causa
963 2208 1099 2272 honeste
1124 2206 1306 2282 Catherine,
1332 2211 1443 2270 uxoris
1468 2207 1688 2271 Bartholomei
1706 2209 1747 2272 de
1765 2208 1834 2271 Pol·

279 2314 395 2386 towsk‚
417 2315 492 2376 dicti
515 2311 665 2394 Pyekuth
687 2323 800 2375 contra
821 2315 991 2376 honestam
1016 2313 1237 2395 Margaretam
1259 2313 1556 2376 molendinatricem
1587 2315 1627 2376 de
1652 2314 1833 2395 Grornyno,

279 2421 437 2484 Martinus
470 2421 597 2482 Zaleslri
630 2431 822 2502 procurator
853 2420 1059 2483 Catherine..
1094 2423 1208 2501 petivit
1237 2422 1435 2482 sentenciam
1467 2419 1666 2484 diffinitivam
1693 2422 1773 2492 lerri.
1799 2433 1833 2484 et

280 2529 362 2591 dnus
386 2527 539 2590 Officialis
564 2529 764 2590 sentenciam
789 2527 1025 2591 diffinitivam..
1049 2529 1275 2609 pronunciavit
1299 2527 1482 2588 huiusmodi
1507 2530 1567 2589 sub
1586 2539 1714 2592 tenore:
1736 2528 1835 2593 'Cris'ti

279 2636 409 2696 nomine
434 2636 618 2698 invocato„
643 2655 702 2716 per
718 2635 802 2696 hanc
825 2647 969 2697 nostram
996 2638 1195 2697 sentenciam
1220 2635 1453 2698 diffinitivam..
1478 2638 1728 2713 pronunciamus
1752 2634 1835 2697 Mar·

279 2742 448 2823 garetham
473 2744 513 2805 de
532 2743 702 2821 Gromyno
728 2741 1027 2805 molendinatricem
1052 2743 1225 2805 honestam
1249 2741 1457 2804 catherinam
1484 2737 1678 2822 Pykuthova
1702 2741 1835 2824 oppida·

281 2868 353 2908 nam
379 2850 420 2910 de
444 2849 611 2911 Poltowslr
635 2851 675 2910 ad
701 2849 850 2910 iudicium
876 2851 1021 2912 seculare
1046 2849 1220 2913 Cuimense
1244 2861 1276 2910 et
1301 2851 1342 2911 ad
1366 2851 1568 2929 presenciam
1593 2849 1743 2910 advocati
1768 2847 1836 2908 Pol·

280 2956 436 3017 toviensis
459 2958 663 3018 occasione..
688 2957 837 3018 iniuriose
855 2958 1071 3037 percussionis
1088 2967 1121 3018 et
1138 2955 1387 3036 sanguinolente
1405 2954 1640 3017 vulneracionis
1656 2959 1686 3016 in
1705 2975 1834 3017 causam

280 3064 419 3124 traxisse
451 3077 484 3124 et
508 3061 627 3124 ibidem
653 3062 835 3124 huiusmodi
861 3065 1123 3143 proposiciouem
1148 3081 1238 3124 suam
1270 3061 1361 3122 nullis
1386 3060 1453 3124 aliis
1478 3062 1762 3141 probacionibus..
1787 3081 1835 3122 so-

283 3169 346 3230 lum
372 3189 431 3231 suo
456 3171 589 3250 proprio
620 3171 803 3232 iuramento
835 3169 1046 3232 confirmasse
1078 3189 1115 3231 ac
1139 3169 1255 3230 eodem
1281 3173 1460 3230 iuramento
1484 3189 1543 3229 suo
1574 3169 1753 3248 predictam
1780 3165 1835 3230 Ca·

280 3277 438 3340 therinam
463 3279 493 3338 in
518 3279 615 3339 certis
639 3280 732 3358 penis
762 3277 972 3349 iudicialibus,
1007 3278 1166 3339 iudicibus
1198 3285 1230 3338 et
1261 3277 1347 3336 dicte
1380 3279 1463 3357 parti
1496 3277 1632 3336 adverse
1664 3275 1836 3350 solvendis

280 3385 490 3448 condemnari
515 3395 547 3446 et
572 3386 683 3465 penari
710 3403 902 3464 procurasse
927 3403 965 3444 ac
989 3382 1221 3456 damnificasse,
1254 3391 1371 3462 postea
1394 3401 1474 3444 vero
1499 3384 1601 3462 ipsam
1628 3381 1835 3444 Catherinam

283 3493 459 3570 predictam
486 3491 728 3570 Margaretham
760 3491 800 3552 ad
825 3492 873 3551 ius
898 3489 1062 3569 spirituale
1094 3500 1128 3552 et
1152 3491 1191 3551 ad
1217 3490 1316 3551 nostri
1342 3491 1540 3568 presenciam
1572 3489 1743 3550 occasione
1768 3509 1837 3568 per-

281 3597 349 3657 iurii
373 3595 508 3658 indicto
533 3595 650 3658 iudicio
675 3596 809 3659 seculari
833 3597 953 3678 patrati
978 3617 1105 3658 necnon
1129 3597 1264 3666 damnis,
1290 3597 1381 3672 penis
1405 3609 1437 3658 et
1455 3597 1575 3656 iniuriis
1599 3597 1657 3656 sibi
1675 3616 1716 3656 ex
1734 3595 1838 3656 huius·

281 3705 369 3766 modi
394 3704 533 3784 periurio
567 3702 663 3766 illatis
694 3717 727 3766 et
752 3704 846 3766 sactis
869 3706 1009 3766 traxisse
1042 3715 1075 3764 et
1101 3720 1290 3783 processum
1324 3705 1464 3782 priorem
1499 3703 1528 3762 in
1555 3702 1671 3764 iudicio
1703 3701 1836 3762 seculari

281 3811 426 3872 habitum
452 3821 484 3871 et
500 3821 664 3872 servatum
690 3831 727 3872 ac
744 3813 961 3872 intencionem
980 3831 1036 3872 seu
1055 3813 1215 3873 actionem
1241 3811 1388 3890 predicte
1406 3808 1613 3892 Margarethe
1629 3807 1837 3888 reprobando

282 3919 383 3979 eciam
409 3919 644 3996 periurium
676 3917 820 3979 eiusdem
853 3919 883 3979 in
908 3918 1025 3979 iudicio
1050 3919 1185 3980 seculari
1215 3927 1328 3980 contra
1352 3920 1488 3978 eandem
1514 3915 1726 3977 Katherinam
1753 3930 1836 3976 com·

282 4026 413 4086 missum
431 4025 583 4104 legitimis
599 4025 852 4106 probacionibus
868 4025 1104 4105 comprobasse
1121 4027 1344 4105 premissaque
1363 4024 1485 4102 prefate
1503 4022 1709 4102 Margarethe
1733 4021 1837 4082 lacere

282 4151 346 4192 non
370 4133 532 4197 licuisse..
558 4141 590 4194 et
606 4133 651 4193 ob
667 4131 730 4193 hoc
754 4133 891 4194 eandem
916 4131 1134 4213 Margaretam
1159 4134 1191 4193 in
1210 4132 1368 4210 dampnis,
1395 4131 1487 4210 penis
1511 4139 1545 4191 et
1569 4131 1724 4208 expensis
1748 4149 1838 4190 occa·

282 4241 373 4300 sione
396 4240 628 4319 premissorum
653 4241 683 4300 in
702 4241 790 4300 dicto
807 4239 925 4301 iudicio
942 4239 1078 4301 seculari
1102 4259 1161 4318 per
1176 4239 1297 4300 dictam
1323 4235 1530 4298 Catherinam
1555 4237 1658 4314 passis
1681 4245 1713 4296 et
1730 4235 1836 4296 eidem

282 4345 376 4407 illatis
399 4348 582 4408 iuramento
606 4345 749 4407 eiusdem
767 4345 996 4408 extimandis..
1023 4345 1149 4426 prefate
1167 4343 1339 4407 Catherine
1357 4345 1508 4404 duximus
1524 4342 1838 4403 condemnandam..

281 4451 343 4512 hac
367 4463 476 4514 nostra
501 4455 668 4514 sentencia
692 4453 864 4530 mediante,
889 4475 907 4514 a
931 4474 996 4534 qua
1019 4455 1185 4515 sentencia
1211 4471 1291 4532 mgr.
1318 4451 1473 4512 hibertus
1499 4455 1688 4529 procurator
1713 4449 1838 4529 Marga-

283 4557 374 4620 rethe
399 4557 500 4619 verbo
524 4558 709 4640 appellavit.

495 4751 537 4811 A.
566 4765 657 4832 1512,
682 4751 758 4814 Maii
787 4767 834 4833 17,
859 4755 890 4814 in
915 4755 1109 4816 consistorio
1133 4752 1343 4816 Poltoviensi.

391 4871 481 4939 351.
504 4873 605 4956 (Acta
621 4874 702 4937 oilie.
720 4875 771 4958 X).
795 4876 829 4937 ln
849 4897 945 4939 causa
969 4877 1085 4940 nobilis
1104 4877 1229 4939 Nicolai
1256 4875 1308 4938 lilii
1324 4875 1401 4938 olim
1420 4875 1571 4956 Boguslai
1590 4876 1630 4935 de
1648 4873 1837 4934 Dabrowha

282 4993 394 5044 contra
419 4982 545 5044 nobiles
571 4981 741 5045 Nicolaum
765 4993 799 5046 et
816 4981 1014 5045 Stanislaum
1041 4983 1124 5047 filios
1148 4983 1222 5046 olim
1248 4983 1405 5045 Ballionis
1430 4985 1469 5044 de
1486 4981 1654 5061 Budzyno,
1680 4981 1838 5041 Martinus

283 5099 476 5169 procurator
499 5089 656 5152 Nicolai..
681 5093 853 5172 proposuit
877 5101 992 5153 contra
1015 5092 1161 5172 prelatos
1186 5093 1319 5164 nobiles,
1344 5102 1378 5152 ut
1403 5092 1443 5151 ad
1465 5104 1672 5150 successores
1696 5090 1727 5148 in
1752 5087 1839 5148 bona

285 5205 417 5277 paterna
441 5195 643 5268 hereditaria,
669 5199 835 5277 quomodo
861 5209 956 5276 pater
980 5199 1198 5278 predictorum
1224 5197 1376 5259 nobilium
1402 5198 1506 5259 dictus
1530 5191 1635 5254 Bollro
1659 5194 1771 5254 habuit
1795 5192 1838 5253 lll

285 5321 467 5383 sexagenas
490 5313 524 5364 et
548 5301 614 5366 XX
637 5325 683 5386 gr.
708 5305 738 5364 in
764 5305 839 5364 bina
863 5303 1066 5386 obligaclone
1092 5305 1257 5385 aprelato
1282 5305 1419 5366 Nicolao
1444 5307 1472 5364 in
1499 5303 1579 5363 libro
1603 5301 1748 5362 terrestri
1772 5299 1839 5359 Ma-

285 5409 432 5472 ltoviensi
456 5409 647 5473 reformatas
678 5413 719 5474 de
744 5431 830 5473 anno
856 5411 917 5473 Dni
946 5415 1037 5491 1478,
1061 5433 1080 5473 a
1104 5411 1352 5492 quibusquidem
1378 5411 1521 5490 pecuniis
1546 5409 1709 5488 predictus
1734 5403 1837 5465 llolko

285 5526 378 5597 pater
395 5517 553 5578 dictorum
571 5518 726 5579 nobilium
744 5521 868 5600 recepit
891 5523 1013 5584 modo
1037 5522 1232 5582 usurario
1257 5539 1275 5577 a
1296 5515 1429 5598 prelatis
1447 5517 1589 5598 pecuniis
1609 5513 1652 5574 Vl
1670 5529 1838 5574 mensuras

285 5623 388 5685 mellis
411 5626 501 5686 crudi
526 5623 603 5686 alias
628 5626 742 5687 racaek
766 5637 798 5689 et
821 5625 921 5688 XXX
945 5631 1093 5707 capecias
1117 5646 1271 5698 asserum,
1297 5637 1329 5686 et
1354 5627 1419 5686 suis
1443 5621 1674 5684 ltmethnnibus
1699 5619 1838 5699 propriis

286 5733 420 5794 messuit
444 5733 593 5813 predicto
617 5733 755 5795 Bolkoni
788 5738 870 5815 patri
895 5735 1054 5797 dictorum
1079 5735 1232 5796 nobilium
1258 5731 1353 5795 CXX
1376 5732 1518 5794 cassulas
1550 5728 1682 5808 siliginis
1710 5743 1836 5785 necnon

391 5861 446 5901 Acta
461 5860 606 5902 ecclesiastica
620 5860 655 5901 lll.
1696 5846 1729 5900 21
