4458 6674
935 636 1025 690 ANNI
1045 637 1123 692 1511.
1215 673 1216 676 =
1268 657 1279 698 ἢ
1746 657 1805 726 ¹53

253 853 356 914 banus
373 850 496 930 recepit
520 849 561 910 de
585 851 747 911 communi
777 847 874 924 lucro,
900 853 987 930 quod
1016 849 1198 914 habuerunt
1222 871 1266 914 ex
1288 852 1484 914 societate
1514 854 1807 935 negociacionis

253 969 289 1020 et
313 966 537 1030 mercature,
562 976 657 1036 quam
683 960 714 1018 in
739 955 875 1032 solidum
900 978 957 1020 seu
975 957 1116 1030 ,insimul
1140 959 1347 1033 exercebant,
1374 957 1531 1038 pellentes
1561 959 1623 1022 LX
1647 961 1748 1023 boves
1773 961 1803 1022 in

250 1062 486 1134 Vratislaviam,
511 1083 594 1144 quos
618 1066 688 1144 ipse
712 1064 849 1125 Iacobus
874 1085 932 1144 per
955 1085 991 1126 se
1015 1064 1167 1145 pellendo
1191 1063 1335 1127 vendidit
1358 1077 1392 1128 et
1417 1066 1579 1145 predictos
1604 1067 1747 1130 sedecim
1767 1069 1805 1147 (s)

253 1172 393 1235 lucratus
416 1169 482 1242 fuit,
507 1191 590 1248 quos
614 1171 697 1232 dnus
721 1169 880 1250 plebanus
904 1192 965 1251 pro
985 1191 1020 1234 se
1041 1173 1173 1250 recepit,
1199 1183 1315 1252 petens
1334 1173 1440 1252 ipsum
1457 1173 1499 1234 ad
1517 1173 1717 1234 solucionem
1736 1174 1810 1255 cogi

253 1289 285 1338 et
308 1277 386 1339 alias
411 1295 508 1358 super
532 1277 696 1356 premissis
719 1277 836 1340 detulit
858 1279 1041 1340 iuramento
1064 1278 1204 1358 plebani.

275 1404 277 1410 ·
360 1380 450 1450 327.
475 1384 626 1465 (Ibidem).
650 1385 686 1446 In
710 1405 808 1446 causa
831 1405 938 1446 vener.
963 1385 1017 1447 dni
1043 1385 1118 1446 Ade
1143 1385 1365 1464 Pyeczlrovslri
1390 1388 1535 1448 canonici
1568 1385 1810 1462 CrusviciensiS,

252 1492 370 1553 tutoris
398 1511 571 1571 puerorum
601 1490 677 1554 olim
706 1492 859 1555 Iohannis
889 1491 1112 1572 Pyeczlrovski
1141 1492 1182 1554 de
1212 1490 1466 1573 Strachoczyno,
1497 1514 1576 1574 mgr.
1602 1493 1738 1556 lacobus
1768 1495 1809 1558 de

254 1597 381 1674 Brzozav
399 1613 590 1679 procurator
614 1600 668 1660 dni
689 1599 764 1660 Ade
789 1599 976 1680 replicando
1000 1608 1114 1661 contra
1139 1599 1297 1680 quasdam
1321 1601 1541 1680 excepciones
1562 1619 1622 1680 pro
1643 1609 1736 1680 parte
1754 1621 1810 1662 no·

253 1705 325 1768 bilis
350 1704 458 1766 lacobi
485 1705 697 1787 Dambrovny
721 1707 763 1768 de
787 1706 939 1768 Pomaski
969 1706 1146 1787 productas
1171 1707 1252 1768 dixit
1276 1704 1352 1768 illud
1377 1725 1448 1768 esse
1473 1708 1810 1772 consuetudinis

254 1813 432 1891 antiquitus
460 1823 550 1874 tente
575 1823 608 1874 et
633 1813 814 1884 observate,
843 1813 930 1893 quod
961 1813 1081 1874 subditi
1110 1815 1314 1874 dominorum
1344 1813 1541 1876 kmethones
1571 1814 1810 1879 ehdeiubentur

253 1939 272 1978 a
295 1917 541 1980 scabinisillius
566 1920 628 1981 loci
652 1931 707 1981 aut
728 1918 809 1994 ville,
834 1920 875 1982 de
901 1941 964 2000 qua
988 1921 1077 1982 exire
1098 1920 1266 1994 voluerint,
1288 1931 1402 1983 contra
1426 1941 1509 2000 quos
1534 1921 1729 1983 ltmetbones
1754 1931 1809 1982 aut

255 2045 465 2107 quoscunque
497 2025 577 2088 alios
608 2027 763 2102 subditos,
795 2037 830 2088 ut
862 2027 1138 2088 molendinatores
1162 2037 1230 2104 etc,
1256 2027 1367 2088 debita
1398 2039 1431 2088 et
1464 2028 1582 2088 damna
1615 2047 1808 2110 quecunque

254 2131 399 2205 dominis
424 2153 443 2194 a
467 2135 584 2212 quibus
604 2132 863 2209 effideiubentur,
889 2133 989 2194 debiti
1014 2133 1132 2196 luerint
1157 2146 1212 2195 aut
1237 2133 1410 2204 intulerint,
1435 2135 1467 2194 in
1492 2137 1560 2196 iure
1585 2133 1750 2198 Culmensi
1775 2147 1809 2197 et

255 2236 327 2300 alibi
353 2259 411 2320 per
435 2239 587 2302 scabinos
612 2241 756 2301 eiusdem
786 2240 916 2314 domini,
942 2242 991 2301 cui
1015 2240 1196 2302 huiusmodi
1223 2239 1334 2302 debita
1357 2252 1412 2301 aut
1436 2242 1555 2302 damna
1580 2240 1809 2322 obligarentur,

255 2347 434 2426 probantur
457 2349 666 2427 ipsorumque
694 2346 979 2410 testificationibus
1009 2347 1149 2410 creditur
1173 2357 1207 2409 et
1231 2345 1478 2410 testificationes
1502 2367 1612 2408 eorum
1638 2349 1812 2410 admittun·

255 2463 315 2526 tur,
338 2454 383 2528 sic
399 2455 441 2516 ad
458 2473 568 2516 eorum
594 2456 681 2516 dicta
697 2464 730 2517 et
747 2455 970 2533 depositiones
995 2452 1127 2516 cmetho
1148 2464 1203 2516 aut
1223 2455 1338 2534 aliquis
1363 2455 1444 2516 alius
1468 2455 1617 2516 subditus
1633 2456 1663 2516 in
1681 2455 1807 2516 damnis

254 2561 359 2622 cidem
384 2561 516 2624 domino
537 2573 593 2624 aut
617 2563 685 2624 aliis
710 2562 953 2642 quibuscunque
977 2562 1096 2624 debitis
1120 2562 1364 2630 condemnatur,
1396 2573 1463 2623 tum
1489 2581 1569 2642 ergo
1593 2571 1696 2622 testes
1721 2561 1809 2640 quod

254 2667 435 2730 huiusmodi
461 2670 491 2728 in
516 2687 580 2730 uno
605 2667 721 2730 iudicio
742 2668 955 2730 admittuntur
978 2688 1038 2730 nec
1062 2671 1094 2738 in
1118 2667 1181 2729 alio
1206 2671 1344 2730 recusari
1370 2669 1427 2730 sed
1452 2669 1578 2730 admitti
1604 2668 1726 2730 debent
1744 2687 1807 2729 ma-

254 2775 340 2836 xime
357 2776 388 2834 in
405 2773 468 2835 hoc
485 2794 569 2842 casu,
595 2785 712 2852 petens
736 2775 868 2836 eosdem
886 2775 1015 2836 admitti
1031 2786 1065 2837 et
1081 2776 1112 2836 in
1129 2795 1227 2836 causa
1242 2775 1398 2838 concludi.
1424 2773 1478 2838 Ex
1493 2774 1631 2836 adverso
1649 2775 1809 2836 Martinus

253 2879 381 2942 Zaleski
406 2891 599 2962 procurator
621 2881 729 2944 lacobi
755 2882 796 2943 de
821 2881 972 2944 Pomaslri
996 2891 1109 2943 contra
1134 2880 1368 2961 replicaciones
1393 2880 1588 2961 duplicando
1613 2880 1698 2953 dicit,
1713 2878 1810 2961 lquod

250 2989 313 3050 iste
331 2987 565 3068 replicaciones
586 2999 660 3050 sunt
681 2988 888 3062 frustratorie,
910 2991 1021 3051 inanes
1039 3000 1072 3050 et
1088 3009 1188 3050 vacue
1206 3000 1239 3049 et
1255 2990 1313 3048 iuri
1330 2989 1433 3049 aliene
1450 2999 1483 3049 et
1501 2989 1619 3050 racioni
1639 2989 1808 3061 contrarie,

255 3094 369 3174 quibus
387 3115 452 3155 non
468 3095 676 3158 obstantibus
692 3097 774 3175 petit
791 3097 925 3157 eosdem
944 3106 1045 3158 testes
1062 3095 1103 3156 ad
1121 3115 1250 3156 causam
1269 3115 1334 3156 non
1351 3095 1470 3156 debere
1491 3096 1627 3165 admitti,
1645 3097 1718 3176 quia
1736 3102 1811 3156 sunt

254 3201 375 3266 subditi
392 3211 426 3278 et
444 3200 639 3264 lrmethones
657 3213 759 3264 testes
783 3222 855 3263 esse
873 3223 937 3263 non
954 3202 1085 3272 debent,
1107 3221 1167 3264 nec
1188 3202 1228 3262 ad
1251 3199 1488 3262 testificandum
1512 3197 1671 3286 [admittit
1693 3202 1745 3262 ubi
1763 3203 1811 3264 ius

252 3308 285 3368 in
302 3311 499 3370 contrarium
525 3307 684 3389 prohibet,
710 3329 782 3370 cum
800 3308 841 3369 de
858 3309 996 3370 testibus
1016 3319 1124 3370 tamen
1146 3319 1312 3388 appareat,
1337 3327 1447 3369 verum
1474 3325 1532 3378 est,
1558 3305 1670 3392 [quod]
1688 3311 1718 3368 in
1744 3309 1811 3370 iure

255 3413 421 3478 Culmensi
437 3415 559 3478 scabini
575 3417 796 3482 admittuntur.
821 3417 878 3476 sed
898 3435 962 3476 uon
979 3417 1009 3475 in
1027 3414 1097 3476 foro
1114 3415 1279 3493 spirituali,
1298 3425 1414 3492 petens
1436 3415 1539 3475 eidem
1558 3413 1810 3494 silenclum-per·

251 3533 388 3599 ,petuum
414 3523 536 3601 imponi
561 3543 657 3602 super
681 3523 848 3604 premissis
864 3523 1127 3596 vexacionibus..
1152 3521 1196 3582 Et
1216 3521 1366 3584 dominus
1390 3522 1623 3602 interloquetur
1645 3523 1675 3582 in
1698 3523 1810 3600 prima.
1854 3523 1857 3530 ’

468 3716 510 3777 Α.
539 3730 630 3796 1511,
655 3714 723 3776 lulii
746 3733 776 3794 9,
800 3717 833 3776 in
857 3715 1051 3777 consistorio
1076 3713 1283 3776 Poltoviensi.

362 3835 453 3905 328.
477 3839 575 3920 (Acta
596 3838 682 3902 ossrc.
698 3839 785 3915 Vllll
810 3839 845 3899 ln
867 3859 965 3900 causa
983 3839 1101 3900 nobilis
1125 3839 1210 3900 Petri
1232 3839 1272 3900 de
1293 3838 1460 3918 Bogusino
1485 3849 1598 3901 contra
1624 3837 1807 3919 religiosum

254 3947 432 4010 Iohannem
458 3949 661 4027 prepositum
686 3947 716 4006 in
741 3945 1014 4026 Szczepanlrowo
1042 3947 1184 4008 Petrus..
1210 3949 1390 4026 proposuit,
1416 3945 1502 4026 quod
1528 3947 1598 4026 ipse
1623 3947 1810 4026 prepositus

254 4041 368 4134 dando
388 4056 494 4118 locum
519 4053 624 4116 lacere
649 4054 822 4116 scabellum
847 4057 880 4118 in
904 4055 1041 4116 ecclesia
1070 4057 1161 4116 uxori
1192 4057 1292 4134 ipsius
1317 4054 1405 4134 quod
1430 4052 1606 4116 scabellum
1631 4052 1752 4118 iactum
1778 4054 1809 4114 in

256 4160 341 4224 sesto
365 4161 508 4224 solennis
533 4161 632 4222 Pasce
657 4162 689 4222 in
713 4162 858 4240 vesperis
887 4181 959 4222 cum
989 4162 1123 4240 antiquo
1151 4160 1293 4222 scabello
1318 4160 1358 4222 de
1384 4159 1521 4222 ecclesia
1545 4161 1650 4242 eiecit,
1675 4171 1810 4240 propter

255 4289 352 4349 quam
377 4269 570 4332 eiectionem
595 4268 725 4330 scabelli
757 4269 904 4330 homines
928 4279 1037 4330 vestes
1061 4279 1095 4330 et
1119 4271 1310 4348 margaritas
1335 4270 1366 4328 in
1390 4289 1493 4328 uxore
1517 4268 1616 4347 ipsius
1641 4267 1807 4330 destruxe-

255 4387 335 4446 runt,
361 4377 523 4438 extimans
539 4359 719 4450 infamiam,
740 4377 884 4438 iniuriam
906 4388 939 4436 et
960 4377 1113 4437 damnum
1138 4376 1178 4436 ad
1204 4375 1232 4436 L
1257 4376 1401 4446 ducatos
1427 4385 1544 4455 petens
1567 4376 1673 4452 ipsum
1699 4375 1731 4434 in
1752 4377 1810 4436 els-

252 4483 328 4544 dem
346 4482 554 4544 condemnari
573 4483 663 4554 etad
684 4483 883 4544 solucionem
900 4485 1000 4562 cogi..
1026 4481 1069 4544 Et
1092 4482 1210 4544 ibidem
1234 4481 1390 4544 Albertus
1412 4492 1601 4560 procurator
1625 4481 1810 4560 prepositi..

255 4589 439 4668 allegavit..
464 4587 552 4669 quod
579 4591 763 4667 prepositus
787 4609 885 4650 exea
912 4610 1006 4650 rausa
1031 4590 1124 4650 eiecit
1149 4589 1324 4650 scabellum
1350 4589 1461 4649 uxoris
1485 4587 1580 4656 Petri,
1607 4589 1680 4664 quia
1705 4586 1809 4648 Rmus

255 4694 339 4757 dnus
360 4706 471 4758 noster
492 4699 521 4756 in
548 4695 700 4758 sinodo
724 4695 958 4757 diocesana
983 4697 1102 4758 statuit.
1125 4715 1165 4757 ne
1186 4705 1296 4758 essent
1317 4693 1457 4757 scabella
1478 4694 1605 4755 diversa
1626 4714 1682 4754 seu
1705 4694 1810 4774 singu·

256 4801 334 4863 laria
363 4801 517 4864 nobilium
547 4801 816 4881 parochianorum
847 4813 958 4882 preter
985 4813 1196 4882 patronorum
1226 4813 1259 4864 et
1287 4801 1480 4863 collatorum
1508 4811 1644 4881 propter
1671 4819 1809 4880 occupa-

255 4910 381 4971 cionem
412 4909 557 4977 ecclesie,
590 4918 705 4987 petens
735 4929 769 4970 se
799 4919 831 4970 et
859 4929 989 4970 causam
1014 4913 1055 4970 ad
1080 4909 1197 4970 Rmum
1228 4909 1325 4970 dnum
1351 4919 1496 4970 nostrum
1522 4909 1650 4970 remitti.
1684 4907 1810 4970 Nobilis

251 5016 453 5097 excipiendo
482 5025 597 5078 contra
626 5017 869 5096 responsionem
899 5018 990 5090 dixit,
1015 5017 1102 5096 quod
1132 5017 1206 5078 licet
1229 5019 1271 5079 sit
1294 5015 1476 5078 huiusmodi
1506 5025 1673 5092 statutum,
1700 5024 1809 5076 tamen

255 5143 297 5186 eo
321 5143 384 5184 non
409 5122 534 5183 avisato
561 5142 620 5184 nec
644 5124 685 5184 de
711 5135 863 5202 pretenso
889 5133 1013 5185 statuto
1038 5125 1156 5186 edocto
1180 5123 1367 5196 scabellum,
1391 5123 1479 5203 quod
1501 5124 1678 5202 antiquitus
1698 5123 1741 5182 ibi
1767 5123 1809 5184 lo·

249 5240 364 5292 catum
388 5241 467 5304 erat,
491 5231 523 5306 in
544 5231 712 5309 presencia
736 5229 912 5302 hominum,
936 5241 1013 5292 tunc
1038 5229 1078 5290 ad
1103 5230 1212 5292 divina
1236 5241 1520 5311 congregatorum,
1545 5231 1576 5290 in
1602 5229 1809 5309 vilipendium

255 5335 333 5397 dicti
356 5336 473 5396 nobilis
498 5337 602 5397 eicere
626 5339 657 5398 vi
681 5347 714 5399 et
739 5349 862 5398 temere
886 5357 952 5399 non
976 5337 1088 5399 debuit
1113 5340 1253 5400 maxime
1277 5359 1348 5398 cum
1375 5339 1481 5400 eiecto
1506 5337 1642 5416 antiquo
1665 5335 1810 5398 scabello

255 5442 297 5504 ad
314 5442 484 5503 locandum
503 5463 621 5504 novum
643 5444 702 5505 sibi
719 5454 927 5506 concesserat
949 5444 1062 5516 locum,
1083 5455 1115 5505 et
1132 5443 1277 5506 similiter
1297 5446 1412 5524 petivit
1429 5445 1470 5505 ad
1487 5444 1584 5506 dnum
1610 5441 1809 5523 Episcopum

248 5549 383 5630 remitti.
413 5548 456 5612 Et
480 5549 563 5612 dnus
587 5547 742 5613 Officialis
766 5551 882 5613 auditis
906 5549 1056 5611 hincinde
1088 5552 1298 5631 propositis..
1322 5552 1363 5612 ad
1388 5551 1508 5612 anum
1537 5551 1635 5612 dnum
1662 5561 1808 5613 nostrum

255 5653 456 5736 Episcopum
482 5656 671 5718 Plocensem
696 5677 826 5719 causam
851 5667 885 5719 et
908 5669 1019 5737 partes
1043 5657 1173 5720 remisit.

365 5786 421 5826 Aci·
434 5784 587 5827 ecclesiastica.
602 5786 637 5826 111.
1671 5779 1706 5830 20
