4458 6674
937 627 1026 676 ANNI
1046 624 1123 680 1503.

463 834 505 896 Α.
536 849 626 916 1503.
652 834 857 916 Septembris
881 855 909 918 7,
936 839 966 898 in
991 838 1157 902 Zlothoria
1182 841 1212 900 in
1237 842 1323 901 curia
1348 841 1535 921 episcopali.

357 955 447 1024 236.
471 958 570 1041 (Acta
594 963 693 1041 episc.
711 960 793 1040 lai..
818 961 972 1025 Testes
997 963 1190 1044 infrascripti
1215 965 1244 1024 in
1263 985 1360 1026 causa
1384 966 1470 1028 dotis
1495 987 1554 1047 pro
1573 977 1665 1046 parte
1690 967 1803 1030 lohan-

249 1066 298 1128 nis
322 1065 456 1128 Czikola
479 1067 520 1128 de
546 1067 744 1130 Dambrowa
768 1078 883 1131 contra
906 1067 1117 1132 Ambrosium
1144 1071 1397 1154 Wiszemiersky
1422 1074 1555 1135 inducti:

355 1171 508 1235 Andreas
532 1173 699 1236 Barathlra
723 1173 764 1236 de
790 1174 1021 1238 Dambrowa..
1046 1178 1297 1258 interrogatus..
1322 1201 1362 1241 an
1381 1181 1440 1242 sibi
1466 1190 1632 1242 constaret
1656 1180 1697 1242 dc
1721 1181 1802 1242 solu·

248 1282 340 1340 cione
365 1292 419 1341 aut
444 1279 669 1342 satisfaccione
702 1279 788 1344 dotis
820 1301 879 1362 per
903 1282 1080 1345 Iohannem
1113 1285 1246 1347 Czikola
1272 1286 1449 1348 Ambrosio
1480 1307 1603 1369 genero
1626 1307 1686 1349 suo
1716 1287 1802 1350 lacta

249 1398 281 1447 et
299 1387 474 1466 quomodo,
499 1387 675 1467 respondit,
702 1389 833 1467 quoda.
851 1387 890 1450 D.
912 1403 996 1470 1500
1012 1403 1102 1453 certo
1128 1412 1239 1453 mense
1264 1395 1293 1453 in
1311 1405 1490 1474 autumpno
1515 1396 1565 1455 die
1584 1393 1677 1466 festo,
1695 1405 1802 1455 tamen

249 1494 342 1554 testis
365 1495 397 1552 in
415 1495 571 1556 memoria
594 1515 658 1554 non
676 1494 784 1562 habet,
808 1497 834 1556 si
851 1496 1014 1558 dominico
1039 1498 1088 1558 vel
1113 1499 1220 1578 aliquo
1245 1499 1437 1561 Sanctorum
1463 1499 1556 1572 festo,
1581 1509 1689 1562 tamen
1711 1503 1801 1570 dixit.

250 1600 336 1679 quod
356 1599 449 1670 sesto,
473 1601 561 1662 idern
584 1602 739 1664 inducens
764 1621 835 1662 cum
860 1603 1005 1677 testibus,
1030 1625 1113 1684 quos
1138 1606 1271 1676 induxit,
1295 1617 1328 1668 et
1345 1627 1467 1686 genero
1484 1629 1543 1669 suo
1567 1610 1624 1670 ivit
1647 1609 1678 1669 in
1696 1611 1800 1670 taber-

250 1727 323 1768 nam
348 1717 381 1767 et
405 1708 536 1768 domum
563 1710 657 1772 testis
680 1708 873 1790 infrascripti
898 1712 938 1770 ad
963 1713 1131 1773 cervisiam
1158 1723 1233 1792 post
1260 1715 1426 1792 prandium
1451 1714 1571 1781 bibere.
1601 1727 1677 1776 tunc
1701 1735 1802 1794 gener

251 1813 413 1894 predictus
436 1816 565 1894 rogavit
588 1816 707 1878 ibidem
732 1818 763 1876 in
787 1817 924 1879 taberna
947 1819 1155 1880 inducentem
1190 1841 1249 1900 pro
1273 1821 1400 1882 duobus
1424 1821 1538 1892 bobus,
1571 1821 1625 1884 illo
1650 1823 1708 1883 sibi
1734 1843 1804 1883 eos·

249 1920 322 1982 dem
347 1920 425 1982 dare
448 1932 627 1992 recusante,
654 1923 785 1984 tandem
809 1943 911 2002 gener
935 1924 1079 2006 prefatus
1098 1929 1296 1988 incessanter
1313 1929 1418 2008 ipsum
1438 1929 1584 2007 rogabat,
1610 1931 1803 2007 promittens

250 2027 382 2088 eosdem
408 2028 511 2090 boves
534 2029 616 2090 duos
641 2029 770 2091 racione
794 2029 879 2091 dotis
904 2033 1049 2112 recipere
1074 2044 1106 2096 et
1131 2055 1202 2095 enm
1229 2034 1269 2094 de
1288 2036 1416 2096 residua
1439 2035 1517 2096 dote
1541 2034 1675 2096 liberum
1702 2036 1804 2098 dimit·

250 2145 318 2196 tere
343 2137 373 2195 in
400 2137 568 2215 presencia
593 2137 724 2198 testium
749 2139 983 2217 predictorrnn3
1006 2139 1162 2202 inducens
1187 2143 1248 2202 iam
1275 2140 1414 2220 amplius
1438 2142 1503 2202 suis
1528 2144 1638 2222 petitis
1662 2163 1726 2203 non
1753 2163 1800 2204 vav

250 2241 320 2302 lens
344 2244 568 2304 contravenire
592 2243 682 2304 dedit
706 2243 853 2324 prefatos
869 2247 952 2308 duos
969 2247 1072 2308 boves
1090 2249 1188 2309 modo
1205 2248 1400 2328 supradicte,
1426 2249 1515 2327 quod
1533 2247 1681 2310 videlicet
1698 2252 1802 2329 ipsum

250 2345 291 2408 de
307 2349 396 2408 omui
419 2349 498 2410 dote
522 2349 657 2412 liberum
682 2352 838 2428 dimittat;
862 2373 928 2432 quo
945 2353 1032 2415 facto
1058 2357 1166 2416 statim
1191 2356 1346 2417 inducens
1371 2357 1498 2434 rogavit
1520 2355 1681 2435 hospitem
1701 2357 1803 2418 taber·

251 2466 408 2531 tiatorem,
432 2467 469 2518 ut
485 2459 584 2518 moris
601 2467 651 2518 est
668 2478 788 2534 eorum,
814 2461 859 2520 uti
884 2480 994 2521 marc
1005 2462 1125 2541 ipotu
1138 2481 1185 2532 m,
1209 2462 1287 2524 alias
1303 2462 1437 2542 lyllzkup
1454 2463 1618 2531 indicaret,
1643 2475 1677 2524 et
1693 2466 1802 2526 statim

251 2559 401 2623 indicavit
433 2572 466 2624 et
491 2563 648 2636 biberunt,
681 2575 714 2628 et
738 2567 784 2628 sic
809 2567 902 2628 testis
926 2567 1016 2640 dixit,
1052 2569 1140 2648 quod
1171 2569 1212 2630 de
1236 2571 1324 2630 omni
1349 2571 1428 2634 dote
1459 2573 1564 2650 ipsum
1597 2571 1803 2633 inducentem

250 2687 351 2746 gener
375 2668 509 2731 liberum
534 2671 654 2734 dimisit
678 2676 819 2753 receptis
843 2674 970 2736 duobus
994 2674 1133 2737 bobus.

358 2771 447 2840 237.
479 2776 654 2859 (Ιὺὶἀειῃ)..
691 2779 848 2843 Testes
879 2781 1072 2862 infrascripti
1105 2784 1136 2842 in
1166 2803 1263 2844 causa
1295 2785 1493 2848 decimarum
1526 2785 1600 2847 ville
1624 2784 1720 2866 Luby
1745 2803 1805 2865 pro

250 2893 342 2962 parte
366 2883 419 2942 dui
444 2886 602 2965 prepositi
627 2886 764 2950 ecclesie
788 2887 981 2968 parochialis
1013 2891 1044 2950 in
1069 2889 1188 2951 Zuzola
1220 2901 1252 2952 et
1276 2889 1443 2953 Michaelis
1475 2904 1508 2954 et
1533 2889 1657 2954 Stelani
1681 2913 1805 2974 germa-

251 3005 364 3048 norum
391 2988 605 3072 Godlewsczy
630 2994 762 3057 inducti:

357 3093 539 3160 Starrislaus
563 3098 765 3180 Zebrowsky
790 3100 939 3163 nobilis..
964 3113 1086 3165 sortem
1111 3105 1270 3166 bonorum
1295 3125 1427 3168 suorum
1452 3105 1617 3167 mobilium
1643 3117 1676 3168 et
1693 3107 1804 3167 immo·

250 3201 368 3274 bilium,
401 3224 497 3283 quam
521 3205 635 3282 habet,
667 3209 709 3269 ad
732 3208 796 3272 LX
819 3227 1003 3290 sexagenas
1028 3213 1229 3273 extimavit..
1254 3212 1485 3293 Interrogatus,
1519 3231 1575 3292 per
1600 3232 1696 3292 quem
1720 3212 1806 3274 leme-

250 3308 367 3370 thones
391 3323 466 3374 sunt
490 3313 597 3388 locati,
628 3315 810 3394 respondit:
844 3337 903 3396 per
925 3338 1020 3378 avum
1045 3318 1204 3379 dictorum
1230 3319 1453 3380 inducencium
1485 3331 1519 3382 et
1542 3331 1669 3402 patrem
1693 3340 1804 3382 eorum

252 3415 293 3476 ab
317 3419 417 3488 annis,
443 3431 477 3480 ut
502 3421 595 3484 testis
619 3421 703 3497 dicit,
729 3422 793 3484 XX
817 3425 897 3484 citra
920 3425 971 3487 vel
996 3421 1079 3485 ultra
1102 3436 1178 3487 sunt
1203 3426 1311 3498 locati,
1335 3436 1445 3488 tamen
1470 3427 1563 3488 testis
1588 3427 1700 3494 nescit,
1725 3437 1806 3506 quot

250 3521 446 3586 kmethones
469 3526 500 3585 in
526 3530 645 3589 mansis
670 3551 726 3592 seu
751 3531 918 3593 ortulanos
943 3529 1132 3592 locaverunt
1157 3533 1187 3592 in
1205 3534 1293 3604 ortiS,
1318 3531 1421 3594 solum
1448 3535 1524 3600 scio.
1550 3533 1638 3612 quod
1662 3545 1694 3595 et
1720 3533 1806 3594 lrrne-

251 3627 370 3692 thones
395 3632 425 3691 in
442 3635 562 3695 mansis
587 3645 621 3696 et
638 3637 775 3698 ortulani
800 3636 928 3699 luerunt
952 3658 991 3699 eo
1010 3650 1158 3719 tempore
1183 3638 1289 3709 locati,
1314 3659 1481 3701 numerum
1505 3641 1649 3720 ipsorum
1668 3640 1804 3720 ignorat.

251 3735 481 3817 Interrogatus
505 3761 546 3800 an
570 3743 647 3804 dicti
670 3741 866 3806 kmethones
890 3746 1023 3808 innova
1047 3745 1154 3806 radice
1171 3757 1281 3808 essent
1307 3744 1403 3807 locati
1429 3746 1479 3808 vel
1503 3749 1534 3808 in
1553 3747 1688 3828 prediali
1712 3768 1803 3829 agro,

252 3844 429 3923 respondit,
461 3848 549 3927 quod
573 3852 636 3911 ista
660 3851 746 3912 bona
770 3872 827 3913 seu
852 3850 959 3912 villam
984 3851 1082 3930 Luby
1108 3852 1204 3914 luisse
1229 3855 1276 3914 sui
1300 3854 1466 3935 genitoris,
1495 3873 1591 3932 quam
1616 3875 1679 3916 avo
1703 3854 1805 3916 dicto·

252 3969 321 4012 rum
346 3948 549 4035 Godlewsky
581 3956 678 4018 duces
703 3958 849 4020 Mazovie
883 3958 1046 4020 Ianussius
1077 3970 1111 4022 et
1136 3959 1304 4022 Boleslaus
1336 3961 1496 4022 dederunt
1527 3971 1561 4022 et
1590 3960 1689 4022 Paulo
1721 3961 1805 4038 patri

252 4061 345 4120 testis
370 4057 442 4121 loco
459 4060 532 4123 ville
556 4061 653 4143 Luby
671 4065 702 4124 in
720 4065 873 4127 Paszewo
898 4065 1070 4142 dederunt;
1093 4065 1154 4128 illic
1179 4077 1272 4148 pater
1288 4087 1365 4129 suus
1388 4068 1419 4128 in
1438 4067 1535 4148 Luby
1559 4087 1670 4148 parum
1696 4065 1808 4128 habuit

252 4168 408 4246 predium,
434 4189 498 4230 non
524 4180 590 4230 tam
609 4171 706 4233 latum
732 4184 766 4233 et
783 4172 925 4252 longum,
951 4172 1038 4252 quod
1056 4173 1192 4236 deberet
1217 4174 1323 4235 locare
1349 4172 1544 4236 kmethones
1568 4185 1623 4236 aut
1639 4173 1808 4236 ortulanos

251 4276 281 4332 iu
299 4294 348 4347 eo,
374 4276 432 4335 nisi
450 4277 509 4355 ipsi
534 4278 723 4340 inducentes
747 4279 788 4340 de
804 4300 890 4340 nova
906 4279 1014 4342 radice
1039 4300 1137 4360 agros
1161 4280 1395 4343 kmethonibus
1418 4291 1632 4362 prepararent
1656 4292 1689 4342 et
1713 4279 1807 4342 fodis·

252 4392 324 4442 sent
349 4383 416 4450 soli,
450 4384 543 4444 testis
567 4385 656 4454 dixit,
689 4383 778 4465 quod
803 4387 1001 4458 inducentes,
1036 4399 1211 4468 antequam
1236 4389 1426 4450 locaverunt
1456 4386 1651 4450 kmethones
1674 4387 1808 4466 aliquos,

252 4489 339 4567 prius
364 4490 423 4549 soli
449 4489 636 4553 resederunt
661 4513 758 4572 agros
782 4491 851 4566 illis,
876 4493 955 4555 alias
979 4493 1172 4572 roszkopalv,
1198 4516 1240 4556 ex
1265 4515 1350 4557 nova
1375 4495 1491 4564 radice,
1523 4515 1588 4556 non
1612 4505 1723 4556 tamen
1748 4495 1809 4572 ipsi

252 4593 461 4671 kmethones;
486 4599 644 4660 decimam
669 4619 712 4660 ex
737 4599 850 4678 predio
875 4603 1044 4680 preposito
1069 4602 1099 4661 in
1116 4600 1237 4664 Zuzola
1263 4613 1412 4682 tempore
1437 4603 1538 4682 patris
1559 4602 1607 4662 sui
1631 4600 1713 4661 dixit
1738 4619 1809 4662 eve·

252 4704 327 4770 nire,
353 4713 462 4764 tamen
487 4704 583 4767 hodie
609 4709 719 4776 nescit,
751 4709 822 4786 quis
857 4709 995 4788 percipit
1019 4728 1100 4780 eam,
1133 4729 1193 4770 nec
1217 4719 1368 4789 tempore
1400 4709 1451 4768 avi
1476 4708 1697 4786 predictorum
1721 4704 1832 4798 indu·-

252 4810 412 4886 ccucium;
437 4823 469 4872 et
493 4823 618 4874 tantum
643 4814 827 4893 deposuit..

362 4917 488 4980 Nobilis
512 4920 628 4980 Paulus
654 4919 847 5000 Pyeczunlra
872 4921 912 4982 de
936 4919 1043 5002 Byaly
1067 4923 1153 4983 bona
1178 4943 1244 4997 sua,
1270 4942 1333 5002 que
1354 4921 1462 4994 habet,
1487 4919 1617 4982 mobilia
1642 4932 1675 4982 et
1698 4923 1809 4981 immo-

253 5024 335 5088 bilia.
360 5027 402 5086 ad
425 5025 521 5086 XXX
548 5047 732 5106 sexagenas
757 5028 957 5089 extimavit..
983 5031 1211 5108 interrogatus,
1244 5048 1423 5109 perquem
1447 5027 1642 5090 kmethones
1666 5038 1741 5088 sunt
1768 5029 1810 5089 lo·

252 5135 323 5192 cati.
350 5133 431 5194 dixit
459 5155 514 5210 per
539 5147 666 5213 patrem
692 5154 803 5194 eorum
830 5135 1052 5196 inducencium
1078 5137 1174 5197 luisse
1200 5137 1431 5198 locatos-duos
1448 5135 1651 5201 kmethones.
1677 5136 1731 5214 qui
1748 5136 1807 5196 sibi

252 5241 333 5317 ipsis
357 5253 390 5298 et
416 5239 550 5300 domino
574 5240 762 5304 refoderunt
787 5261 894 5321 agros
918 5243 997 5304 alias
1022 5242 1218 5322 resakopaly,
1243 5265 1285 5305 ex
1302 5263 1388 5305 nova
1412 5243 1521 5305 radice
1545 5253 1578 5304 et
1602 5263 1643 5302 ex
1661 5263 1700 5302 eo
1718 5233 1812 5302 nichil

252 5347 427 5417 solvebant
463 5369 522 5408 nec
547 5369 678 5410 censum
704 5349 825 5411 dabant
858 5371 917 5411 nec
942 5350 1142 5420 laborabant,
1175 5351 1279 5411 solum
1312 5369 1409 5430 agros
1442 5350 1482 5410 ad
1507 5348 1587 5410 alios
1620 5349 1812 5411 kmethones

251 5457 409 5518 locandos
435 5456 648 5528 resodiebaut,
675 5457 754 5517 alias
778 5457 1031 5536 rosalroparealy;
1062 5477 1189 5528 annum,
1216 5476 1281 5536 quo
1306 5477 1391 5518 anno
1415 5465 1490 5518 sunt
1513 5457 1575 5517 ista
1602 5453 1695 5526 facta,
1720 5455 1813 5516 testis

252 5584 316 5624 non
343 5565 496 5625 meminit.
536 5563 689 5626 Tandem
719 5579 796 5642 post
819 5573 959 5626 mortem
994 5564 1095 5644 patris
1120 5584 1231 5625 eorum
1263 5563 1453 5625 inducentes
1479 5563 1615 5642 predicti
1647 5581 1719 5622 cum
1744 5561 1813 5623 aliis

252 5669 403 5731 iratribus
434 5691 532 5751 agros
567 5682 600 5732 et
634 5672 780 5748 predium
816 5672 900 5732 inter
923 5691 959 5732 se
992 5669 1178 5742 diviserunt,
1213 5680 1246 5730 et
1277 5671 1323 5731 sic
1355 5671 1575 5749 unusquisque
1607 5687 1719 5730 eorum
1752 5667 1810 5729 sibi
