4392 6672
410 667 455 743 45
887 665 982 714 nem
1000 663 1125 716 ruorcu
1142 664 1278 714 accures
1298 663 1485 714 euoceusn·

413 755 728 762 ———-—--——----
737 755 848 762 -.-———
861 755 1042 762 -ι--ο-
1072 756 1164 762 --—-—-
1194 757 1248 760 —
1760 754 1851 760 -——
1862 755 1955 761 ———-·—

411 887 548 960 propter
570 877 815 940 irreverenciam
840 876 888 938 eis
912 873 1030 938 iactam
1055 877 1143 937 illum
1167 877 1416 956 castigaverunt,
1448 886 1545 955 prout
1568 875 1616 938 eis
1640 875 1811 941 videbatur
1840 877 1962 938 melius„

409 983 453 1046 Et
469 993 562 1047 actor
578 993 780 1066 protestatus
804 993 863 1058 est,
889 983 964 1062 quia
980 985 1051 1062 ipse
1068 983 1186 1044 nullam
1211 983 1368 1062 castigem
1394 981 1549 1060 exigebat
1565 982 1607 1042 ab
1623 983 1679 1056 eis,
1704 980 1829 1044 dicens:
1854 982 1962 1045 habeo

411 1091 588 1160 dominum,
613 1092 667 1170 qui
692 1087 842 1169 loquetur
865 1108 925 1169 pro
950 1089 1063 1150 iniuria
1086 1108 1144 1150 sua
1168 1100 1200 1151 et
1224 1108 1306 1150 mea.
1337 1087 1389 1149 Ex
1413 1088 1552 1151 adverso
1576 1087 1680 1150 dictus
1704 1087 1845 1150 Mathias
1870 1110 1963 1170 nega·

410 1199 489 1260 vit..
513 1206 547 1259 et
570 1195 667 1259 dixit:
691 1197 716 1257 si
741 1195 851 1276 aliquo
874 1195 1010 1270 excessi,
1035 1204 1103 1256 turn
1128 1195 1260 1276 punitus
1284 1215 1391 1257 sum..

619 1390 661 1450 A.
692 1387 782 1468 1478,
807 1386 915 1448 Martii
944 1403 990 1467 13,
1014 1389 1046 1448 in
1069 1389 1264 1449 consistorio
1287 1385 1515 1450 Polthoviensi.

522 1507 608 1576 125.
632 1510 730 1593 (Acta
754 1509 835 1574 offic.
861 1511 927 1592 IV).
962 1510 1045 1573 Cera
1069 1547 1111 1556 —
1135 1510 1289 1573 Nicolaus
1313 1513 1354 1574 de
1379 1511 1505 1574 Brozno
1530 1511 1745 1593 parochianus
1768 1513 1906 1576 ecclesie
1930 1517 1960 1576 in

409 1617 608 1680 Goworowo
638 1618 801 1680 tenebitur
824 1618 884 1680 sub
908 1639 992 1698 pena
1017 1619 1365 1681 excommunicacionis
1388 1629 1454 1681 tres
1478 1619 1567 1682 dicas
1591 1639 1663 1682 cere
1681 1619 1760 1682 inira
1777 1629 1844 1682 tres
1860 1641 1962 1684 annos

409 1745 469 1807 pro
494 1723 638 1805 qualibet
661 1725 739 1787 feria
763 1725 820 1788 Vt·
846 1744 974 1806 magna.

516 1831 643 1894 Nobilis
666 1831 813 1894 Thomas
844 1831 885 1894 de
912 1830 1060 1894 Modzele
1091 1831 1306 1913 parochianus
1338 1832 1380 1894 ad
1404 1830 1564 1894 Clulrowo
1595 1832 1701 1896 dicam
1733 1853 1807 1896 cere
1831 1845 1963 1898 tenetur

409 1940 441 1999 in
465 1938 568 2000 tribus
592 1939 781 2021 septimanis
805 1949 881 2018 post
908 1938 1039 1998 Pascam
1065 1958 1223 2020 reponere
1247 1938 1385 2001 ecclesie
1408 1941 1439 2000 in
1464 1937 1664 2002 Polthowsk.

518 2045 684 2108 Honestus
708 2045 822 2107 Petrus
854 2047 895 2107 de
920 2042 1104 2106 Gostlrowo
1136 2056 1169 2107 et
1193 2043 1348 2108 Nicolaus
1373 2045 1506 2127 Dlughy
1529 2045 1570 2107 de
1594 2045 1776 2127 Prasznych
1799 2048 1962 2128 parochie,

409 2150 524 2213 Petrus
546 2154 576 2212 in
603 2153 752 2224 Craszne,
777 2151 946 2233 profesto
973 2151 1072 2214 hlarie
1097 2151 1293 2234 Magdalene
1317 2163 1469 2215 tenentur
1493 2173 1552 2234 per
1575 2154 1680 2214 dicam
1705 2173 1787 2216 cere.

515 2257 696 2322 Stanislaus
719 2271 752 2322 et
778 2259 919 2322 Mathias
943 2260 983 2322 de
1007 2259 1161 2320 Makowo
1186 2259 1322 2339 quilibet
1346 2281 1404 2340 per
1428 2260 1532 2322 dicanr
1557 2280 1632 2322 cere
1665 2281 1725 2342 pro
1749 2259 1834 2322 sesto
1858 2281 1882 2326 s.
1906 2260 1962 2322 Mi·

408 2364 537 2428 chaelis.

517 2472 655 2534 lacobus
679 2469 821 2554 Czycby,
846 2483 937 2535 sutor
960 2471 1001 2533 de
1026 2471 1224 2546 Poltowslro,
1248 2483 1378 2535 tenetur
1401 2473 1507 2534 dicam
1532 2495 1613 2534 cere.

516 2577 653 2640 lacobus
677 2577 718 2639 de
741 2577 932 2659 Brzesznya,
958 2579 1111 2657 parochia
1135 2581 1165 2640 in
1193 2578 1399 2650 Goworowo,
1429 2580 1534 2640 dicam
1559 2599 1641 2640 cere.

516 2684 678 2746 Iohannes
701 2683 832 2766 Czasky
855 2685 896 2746 de
921 2683 1148 2748 Czechonowo
1173 2687 1277 2747 dicam
1301 2705 1384 2748 cere.

517 2791 655 2853 lacobus
679 2789 769 2854 Sdun
793 2793 834 2852 de
858 2789 1087 2854 Czechonowo
1111 2792 1206 2854 aliam
1232 2789 1362 2877 [dicam]
1386 2805 1523 2855 tenetur.

516 2897 652 2960 lacobus
676 2897 717 2958 de
742 2895 973 2978 Gnyeszdowo
997 2908 1127 2961 tenetur
1150 2900 1253 2961 dicam
1278 2919 1352 2961 cere
1376 2898 1530 2982 parochie
1554 2902 1586 2960 in
1611 2899 1733 2982 Pysky.

517 3002 643 3066 Nobilis
667 3001 821 3066 Nicolaus
837 3004 878 3066 de
896 3001 1086 3086 Grodzycze
1111 3005 1264 3085 parochie
1288 3005 1318 3066 in
1337 3005 1546 3069 Vansossche
1563 3007 1645 3068 duas
1661 3007 1757 3080 dicas,
1783 3009 1851 3087 qui
1876 3027 1960 3088 ger·

409 3131 570 3174 manum
595 3109 833 3172 interiecit.

514 3217 674 3279 Albertus
697 3217 739 3280 de
762 3215 965 3298 Zacrzewye,
991 3219 1142 3300 parochia
1167 3221 1198 3280 in
1223 3217 1388 3291 Makowo,
1412 3220 1517 3282 dicam
1542 3239 1624 3281 cere.

516 3323 641 3387 Nobilis
665 3323 816 3386 Allexius
840 3324 880 3386 de
905 3323 1153 3406 Nowawyesch,
1181 3325 1335 3407 parochia
1358 3329 1390 3388 in
1414 3326 1556 3398 lanowo,
1581 3327 1720 3389 mediam
1745 3329 1851 3388 dicam
1875 3347 1956 3389 cere.

515 3430 669 3494 Nicolaus
693 3429 934 3512 Swyanthoslai
958 3432 1000 3494 de
1024 3432 1183 3509 Rabowo,
1209 3433 1363 3513 parochia
1388 3437 1418 3495 in
1444 3433 1576 3514 Paluky,
1601 3435 1715 3496 dicam.

515 3536 656 3600 lacobus
680 3537 721 3599 de
746 3536 886 3608 Sowino‚
915 3539 1068 3620 parochia
1093 3541 1123 3600 in
1148 3539 1301 3620 Pnyewo,
1326 3541 1431 3603 dicam
1457 3561 1538 3604 cere.

518 3644 635 3706 Petrus
660 3641 792 3707 filiaster
814 3645 924 3707 Iacobi
948 3646 989 3708 de
1013 3645 1144 3709 Zathori
1169 3646 1273 3709 dicam
1299 3667 1382 3718 cere,
1407 3648 1562 3729 parochia
1585 3651 1615 3710 in
1640 3649 1832 3730 Barczycze.

519 3751 657 3812 lacobus
680 3749 844 3830 Surschey
869 3753 909 3815 de
933 3751 1117 3814 Zaeroczim
1142 3755 1256 3830 dicam,
1281 3755 1437 3836 parochia
1461 3757 1588 3818 ibidem.

517 3855 674 3919 Nicolaus
697 3858 738 3919 de
763 3857 901 3921 Ploczka
924 3860 1038 3931 dicam,
1062 3861 1218 3940 parochia
1241 3862 1371 3924 ibidem.

517 3963 654 4026 Nobiles
684 3961 865 4027 Stanislaus
889 3963 1015 4028 Traslra
1047 3979 1080 4030 et
1104 3967 1262 4031 Albertus
1294 3969 1336 4030 de
1360 3968 1497 4052 Lyczlry
1520 3970 1626 4032 dictus
1650 3969 1860 4034 Kosczescha
1884 3971 1964 4033 duas

412 4071 509 4134 dicas.

519 4175 635 4238 Paulus
659 4176 699 4238 de
725 4177 887 4241 Wasoche
913 4180 1065 4259 parochia
1089 4181 1208 4244 ibidem
1233 4182 1348 4244 dicam.

518 4283 677 4346 Martinus
701 4283 853 4348 lobannis
876 4287 918 4348 de
942 4285 1116 4362 Ossathka,
1142 4289 1296 4369 parochia
1321 4291 1350 4350 in
1375 4289 1566 4362 Troschino,
1598 4289 1704 4352 dicam
1729 4311 1803 4352 cere
1828 4303 1905 4371 post
1928 4291 1964 4373 (s)

407 4391 439 4450 in
464 4390 587 4452 Rosan.

515 4494 652 4558 lacobus
682 4508 715 4558 et
739 4497 883 4562 Mathias
906 4504 1050 4582 germani
1083 4514 1115 4564 et
1141 4503 1224 4564 alter
1247 4502 1388 4564 Mathias
1421 4501 1525 4564 affinis
1552 4523 1664 4566 eorum
1696 4505 1737 4566 de
1761 4503 1857 4567 Nova
1880 4505 1962 4580 villa,

408 4601 563 4682 parochia
585 4604 616 4663 in
641 4624 759 4687 magna
783 4605 1035 4690 Crzynowloga,
1060 4609 1193 4692 quilibet
1219 4631 1277 4690 per
1301 4611 1404 4672 dicam
1429 4629 1503 4671 cere
1528 4619 1688 4672 tenentur.

518 4708 631 4772 Petrus
654 4711 696 4774 de
720 4711 885 4795 Smigewo
909 4725 1038 4779 tenetur
1062 4719 1166 4779 dicam
1192 4738 1275 4790 cere,
1301 4714 1455 4796 parochia
1480 4717 1633 4778 ibidem·

515 4815 668 4880 Andreas
691 4819 732 4881 de
757 4819 929 4894 Lanczino,
955 4823 1109 4905 parochia
1137 4825 1166 4884 in
1191 4823 1396 4898 Cleczkowo,
1420 4824 1525 4885 dicam
1549 4843 1633 4886 cere.

514 4923 640 4988 Nobilis
666 4927 803 4991 Michael
827 4931 867 4991 de
893 4930 998 5010 Lady,
1023 4932 1178 5012 parochia
1203 4933 1234 4992 in
1260 4929 1339 5013 Gay,
1364 4929 1470 4992 dicam
1494 4951 1603 4998 cere..

514 5029 674 5094 lohannes
705 5047 738 5097 et
761 5035 920 5100 Martinus
952 5040 1096 5118 germani
1129 5039 1169 5099 de
1195 5038 1437 5118 Kamyenyecz,
1474 5039 1627 5118 parochia
1659 5038 1789 5108 ibidem,
1825 5039 1961 5117 quilibet

406 5138 552 5218 ipsorum
577 5161 635 5220 per
658 5141 773 5204 dicam.

514 5246 621 5311 Focas
645 5249 737 5312 saber
760 5253 801 5314 de
827 5253 988 5327 Maknwo,
1015 5252 1171 5334 parochia
1194 5253 1322 5322 ibidem,
1347 5253 1453 5314 dicam
1478 5271 1559 5313 cere.

511 5353 666 5418 Nicolaus
697 5371 730 5421 et
755 5360 895 5423 Mathias
920 5358 1053 5423 filiaster
1077 5381 1154 5422 suus
1186 5361 1226 5421 de
1252 5357 1527 5442 Coprzywnycza,
1560 5359 1713 5440 parochia
1736 5359 1866 5432 ibidem,
1901 5381 1959 5440 per

406 5461 510 5523 dicam
535 5481 617 5526 cere.

513 5569 630 5634 Paulus
655 5572 786 5653 Grodzy
811 5576 852 5636 de
877 5573 1039 5646 iaroslaw,
1064 5573 1219 5654 parochia
1243 5575 1273 5634 in
1299 5572 1428 5646 Zelona,
1453 5573 1558 5634 dicam
1584 5594 1666 5635 cere.

511 5676 669 5742 Martinus
694 5681 735 5743 de
759 5681 910 5758 Zabrusz,
935 5679 1090 5762 parochia
1115 5683 1147 5742 in
1171 5678 1370 5762 Cyrznycze,
1394 5679 1508 5741 dicam.
