4458 6674
939 702 1029 749 ANNI
1049 699 1126 753 1509.
1746 721 1756 764 1
1764 721 1805 783 33

1235 793 1475 800 -.-.„-.-....-——
1502 794 1726 801 ——-—-—.—=-.—

254 911 386 972 lablona
410 911 668 992 complebuntur,
693 933 754 992 pro
771 913 887 992 quibus
912 913 1062 974 omnibus
1087 915 1156 993 ipse
1175 923 1320 976 murator
1342 913 1510 975 habiturus
1525 923 1576 974 est
1601 935 1618 974 a
1636 915 1702 976 dno
1722 913 1806 975 limo

253 1017 318 1078 XX
342 1037 525 1099 sexagenas
549 1021 579 1078 in
606 1021 721 1080 mediis
745 1021 903 1096 grossis..

470 1213 508 1273 A.
539 1227 629 1291 1509,
655 1213 733 1272 lunii
765 1233 787 1286 r,
813 1215 843 1272 in
870 1211 1034 1274 Poltowsk
1059 1214 1089 1272 in
1115 1215 1202 1274 curia
1226 1214 1411 1294 episcopali.

360 1334 450 1401 287.
475 1337 572 1416 (Acta
597 1341 695 1418 episc.
715 1336 778 1410 le.
806 1337 836 1396 ln
863 1357 960 1397 causa
984 1335 1081 1398 officii
1106 1348 1220 1399 contra
1244 1340 1418 1399 discretum
1444 1339 1619 1400 Iohannem
1645 1335 1807 1416 l’suczsky

254 1445 403 1506 clericum
428 1444 565 1506 diocesis
592 1445 756 1504 l'locensis
781 1445 884 1504 Rmus
909 1444 991 1504 dnus
1016 1444 1170 1505 Erasmus
1202 1447 1375 1525 episcopus
1400 1445 1563 1506 Plocensis
1597 1446 1671 1505 visis
1696 1445 1808 1504 instru-

254 1554 380 1618 mentis.
412 1552 587 1631 scripturis,
623 1552 761 1612 testibus
793 1553 823 1610 in
850 1571 943 1611 causa
970 1550 1153 1612 huiusmodi
1178 1552 1262 1613 datis
1284 1565 1318 1614 et
1343 1553 1515 1632 receptis..
1541 1553 1707 1613 decretum
1732 1549 1808 1611 lecit

254 1669 287 1719 et
312 1659 536 1738 pronunciavit
562 1659 622 1718 sub
646 1658 708 1718 hoc
732 1671 859 1719 tenore:
892 1656 987 1718 Cristi
1013 1659 1142 1718 nomine
1165 1661 1349 1719 invocato.
1375 1661 1625 1738 pronunciamus
1648 1667 1683 1720 et
1706 1655 1809 1719 decla·

254 1783 362 1826 ramus
386 1763 559 1825 discretum
585 1764 761 1825 Iohannem
790 1765 873 1824 Pauli
900 1764 940 1824 de
966 1765 1135 1844 Psuczyno
1160 1765 1311 1826 clericum
1337 1776 1447 1826 nostre
1473 1765 1612 1826 diocesis
1638 1764 1751 1825 laisum
1777 1764 1807 1822 in

255 1870 362 1930 oflicio
385 1871 614 1932 tabellionatus
638 1873 840 1932 commisisse
865 1873 905 1930 de
920 1873 1050 1950 hocque
1074 1883 1106 1932 et
1124 1870 1192 1931 aliis
1211 1873 1302 1932 malis
1328 1874 1472 1950 periuriis
1489 1871 1638 1934 videlicet
1664 1883 1695 1930 et
1717 1869 1809 1930 furtis

255 1977 381 2057 publice
412 1977 601 2039 infamatum
635 1999 716 2048 esse,
749 1989 863 2038 contra
893 1999 990 2058 quem
1024 1980 1096 2038 licet
1128 1979 1260 2060 rigidius
1289 1980 1467 2058 procedere
1499 1981 1676 2041 debeamus
1701 1979 1809 2037 mitius

255 2095 363 2146 tamen
396 2087 456 2144 sub
481 2105 539 2162 spe
565 2085 702 2145 emende
734 2104 806 2145 cum
832 2105 872 2145 eo
895 2105 994 2163 agere
1022 2085 1169 2146 volentes
1201 2084 1383 2145 inhibemus
1407 2087 1465 2147 sibi
1491 2084 1633 2146 officium
1664 2082 1809 2147 tabellio·

254 2202 349 2252 natus
373 2207 533 2271 perpetuo
566 2193 607 2252 ab
632 2192 807 2271 ollrcioque
832 2193 971 2252 clericali
995 2193 1135 2253 eundem
1161 2194 1389 2272 suspendimus
1421 2213 1459 2254 ac
1485 2205 1629 2254 nostram
1654 2191 1808 2252 diocesim

255 2298 481 2371 interdicimus,
518 2299 557 2358 ad
591 2319 687 2378 quam
721 2299 931 2360 abiurandam
964 2298 1102 2360 eundem
1135 2301 1282 2377 cogimus
1314 2311 1346 2361 et
1378 2299 1603 2379 compellimus
1635 2298 1676 2360 ad
1700 2306 1810 2358 nostre

256 2403 431 2466 voluntatis
455 2404 702 2482 beneplacitum.
729 2406 764 2466 lu
782 2417 934 2468 eventum
950 2416 1070 2479 autern,
1096 2426 1163 2484 quo
1180 2407 1284 2466 dictus
1301 2405 1462 2467 lohannes
1486 2404 1647 2485 prelatum
1668 2403 1810 2464 officium

255 2511 483 2573 tabellionatus
516 2523 683 2573 exerceret
716 2523 748 2572 et
772 2525 806 2574 nt
830 2513 976 2576 notarius
1009 2513 1154 2591 publicus
1188 2513 1380 2594 rogaciones
1403 2514 1529 2591 aliquas
1552 2512 1731 2590 susciperet
1755 2520 1810 2570 aut

255 2618 362 2679 taliter
386 2618 446 2679 sibi
472 2619 634 2697 prohibita
656 2629 869 2699 attemptaret
893 2639 951 2680 seu
975 2618 1094 2681 oblitus
1121 2631 1231 2682 nostre
1257 2631 1392 2698 paterne
1417 2619 1627 2680 correctionis
1651 2616 1811 2694 aliquibus

254 2725 501 2786 enormitatibus
525 2745 658 2803 operam
682 2726 784 2799 daret,
819 2726 967 2786 volumus
991 2739 1026 2788 et
1050 2727 1262 2802 decernimus,
1294 2738 1329 2786 ut
1353 2748 1371 2786 a
1396 2727 1490 2788 nobis
1515 2736 1651 2787 vocatus
1675 2725 1810 2792 tociens,

257 2833 413 2910 quociens
443 2853 527 2910 opus
553 2832 655 2903 suerit,
688 2847 815 2895 semota
843 2836 930 2894 omni
955 2836 1245 2914 excepcione·iuri
1271 2844 1385 2914 pareat
1415 2835 1456 2894 de
1481 2830 1692 2913 parendoque
1716 2828 1811 2890 nobis

258 2941 443 2998 caucionem
476 2937 687 3002 sufficientem
721 2941 784 3012 det,
821 2943 981 3020 adquam
1015 2963 1088 3002 eum
1122 2943 1268 3021 cogimus
1300 2953 1333 3003 et
1358 2938 1583 3017 compellimus
1613 2937 1674 2998 hac
1701 2947 1812 2996 nostra

257 3047 423 3106 sentencia
448 3047 620 3113 mediante.
647 3059 722 3126 post
738 3051 959 3130 uniusquidem
985 3052 1149 3111 sentencie
1174 3048 1342 3110 diffinitive
1367 3047 1585 3128 prolacionem
1606 3045 1726 3106 ibidem
1744 3061 1812 3123 pre·

258 3171 333 3212 sens
358 3153 442 3212 idem
475 3153 635 3215 Iohannes
667 3155 813 3234 parendo
845 3158 1009 3218 sentencie
1042 3167 1074 3217 et
1098 3156 1252 3217 mandato
1283 3156 1402 3216 domini
1437 3173 1515 3214 mox
1545 3161 1579 3213 et
1602 3149 1814 3213 incontinenti

257 3260 373 3320 iuravit
406 3279 469 3320 non
494 3281 626 3322 manere
659 3264 688 3320 in
715 3263 834 3322 diocesi
868 3275 1048 3323 memorata
1082 3262 1235 3332 Plocensi,
1271 3283 1373 3341 usque
1404 3263 1480 3322 dum
1513 3269 1600 3322 esset
1632 3267 1813 3330 revocatus,

257 3367 439 3445 equaleque
472 3371 683 3428 iuramentum
716 3368 885 3448 corporale
916 3370 1033 3430 ibidem
1068 3370 1207 3449 prestitit
1239 3370 1279 3429 de
1304 3369 1449 3450 parendo
1481 3368 1547 3438 iuri,
1578 3366 1653 3426 dum
1679 3373 1814 3425 vocatus

257 3487 355 3546 esset,
388 3493 448 3552 pro
473 3493 538 3553 quo
564 3475 710 3536 iaciendo
734 3477 835 3536 eciam
862 3476 979 3537 ibidem
1013 3497 1072 3557 pro
1097 3497 1132 3537 se
1157 3476 1361 3537 fideiussores
1385 3476 1483 3545 dedit,
1516 3474 1665 3534 videlicet
1689 3468 1814 3532 nobiles

259 3578 389 3639 Paulum
417 3580 579 3661 Psuczslcy
606 3596 730 3660 patrem
755 3603 857 3655 suum,
891 3581 1066 3644 Iohannem
1093 3582 1315 3663 Kandzynslci,
1347 3581 1517 3642 Nicolaum
1542 3578 1813 3660 Swyeschewslci,

260 3685 434 3746 Iohannem
462 3689 651 3760 Maaowski
685 3689 881 3751 Stanislaum
907 3689 1184 3770 Pyesczyrowslci,
1216 3689 1384 3750 Andream
1409 3686 1640 3759 Slonczewslti‚
1673 3684 1813 3746 Blasium

260 3791 527 3872 Swyeschewslti,
560 3773 753 3857 Stanislaum
780 3795 1046 3877 Chlewyeczslcy‚
1080 3797 1254 3858 Iohannem
1281 3795 1524 3868 Skascbewslti,
1550 3796 1634 3874 qui..
1661 3792 1814 3872 promise·

261 3912 331 3961 runt
356 3913 515 3962 eteorum
542 3904 676 3981 quilibet
702 3906 861 3984 promittit
888 3905 993 3979 ipsum
1012 3903 1187 3965 Iohannem
1213 3907 1329 3965 sistere
1353 3905 1383 3962 in
1403 3903 1528 3976 iudicio,
1554 3901 1607 3962 ubi
1632 3909 1665 3960 et
1683 3897 1814 3979 quando

260 4018 431 4078 vocaretur
455 4030 496 4070 ex
522 4012 625 4068 causis
650 4009 801 4088 legitimis
827 4031 884 4090 per
910 4009 1068 4090 prefatum
1097 4012 1213 4071 limum
1240 4012 1337 4071 dnum
1363 4010 1573 4091 Episcopum,
1600 4007 1660 4068 sub
1677 4025 1763 4086 pena
1787 4002 1813 4066 C

260 4112 451 4175 ducatorum
476 4117 536 4195 ipsi
561 4116 627 4176 dno
651 4117 818 4196 Episcopo
843 4117 1104 4179 solvendorum..

474 4308 516 4370 A.
546 4325 636 4388 1509,
662 4309 738 4369 lunii
770 4324 815 4387 15,
841 4312 870 4370 in
896 4311 1090 4372 consistorio
1114 4309 1319 4390 Pultoviensi.

368 4427 458 4497 288.
490 4433 588 4512 (Acta
610 4434 692 4495 offic.
718 4434 838 4512 Vllll..
873 4434 906 4495 ln
931 4455 1029 4495 causa
1053 4436 1170 4496 nobilis
1201 4434 1352 4496 Stanislai
1377 4435 1592 4496 Drozdowski
1624 4443 1738 4494 contra
1761 4429 1815 4490 ho·

262 4547 388 4599 nestum
414 4539 570 4601 Mathiam
598 4543 819 4604 balneatorem
845 4543 886 4603 de
909 4541 1040 4611 Lornza,
1066 4542 1201 4603 lacobus
1226 4544 1267 4604 de
1284 4543 1405 4602 Brzoze
1430 4551 1620 4623 procurator
1644 4539 1721 4600 dicti
1746 4537 1815 4600 Sta·

261 4643 385 4706 nislai..
410 4659 443 4707 et
468 4649 498 4706 in
525 4651 693 4725 presencia
725 4650 854 4711 Martini
887 4651 926 4710 de
960 4649 1115 4729 Zaleszye
1147 4651 1367 4729 procuratoris
1399 4667 1441 4709 ex
1465 4649 1603 4709 adverso
1636 4645 1815 4726 proposuit,

262 4754 350 4830 quod
374 4752 450 4813 dum
475 4757 559 4816 irlem
586 4755 766 4816 Stauislaus
795 4771 885 4816 certo
910 4757 1065 4837 languore
1090 4755 1192 4816 morbi
1219 4775 1398 4835 oppressus
1428 4755 1471 4816 ad
1495 4753 1632 4814 eundem
1659 4751 1815 4811 Mathiam

262 4857 303 4919 ad
328 4861 523 4920 medendum
549 4881 584 4922 se
601 4861 791 4942 confugerit,
815 4865 900 4923 idern
927 4863 1066 4924 Matthias
1089 4865 1158 4923 visa
1181 4861 1366 4923 infirmitate
1390 4862 1489 4942 ipsius
1513 4863 1618 4940 ipsum
1636 4879 1671 4919 se
1687 4859 1728 4918 ad
1753 4875 1816 4916 me·

263 4967 403 5028 dendum
428 4968 576 5028 submisit
601 4981 634 5029 et
658 4981 859 5028 contractum
887 4991 946 5048 pro
964 4971 1129 5030 medicinis
1155 4969 1237 5042 fecit,
1262 4968 1403 5030 offerens
1427 4981 1459 5029 et
1484 4987 1518 5027 se
1537 4967 1729 5026 submittens
1751 4965 1816 5022 suis

262 5075 431 5135 medicinis
455 5075 497 5134 ab
514 5075 698 5136 infirmitate
724 5076 904 5138 huiusmodi
932 5079 1035 5156 ipsum
1062 5078 1204 5151 liberare,
1230 5076 1384 5155 adquam
1411 5093 1569 5136 summam
1594 5075 1625 5132 in
1647 5081 1816 5132 contractu

263 5201 454 5261 expressam
480 5184 605 5244 interim
631 5185 770 5244 mediam
796 5203 946 5251 marcam,
978 5186 1105 5245 interim
1132 5185 1289 5245 fertonem
1323 5192 1355 5243 et
1379 5183 1411 5242 in
1435 5181 1499 5242 fine
1524 5191 1711 5242 contractus
1736 5191 1816 5240 tota·

264 5287 337 5348 liter
360 5287 436 5350 lacti
469 5299 534 5349 tres
560 5307 743 5370 sexagenas
776 5292 806 5348 in
833 5291 946 5350 mediis
971 5312 1016 5370 gr.
1040 5290 1143 5364 dedit;
1177 5294 1228 5369 qui
1259 5292 1391 5352 tandem
1424 5290 1597 5350 attendens
1621 5289 1727 5368 ipsum
1752 5286 1817 5348 suis

264 5397 429 5457 medicinis
454 5415 517 5456 non
537 5417 644 5476 posse,
671 5409 766 5476 prout
784 5417 820 5458 se
837 5399 990 5464 submisit.
1015 5399 1167 5470 relevare,
1192 5398 1338 5468 eundem,
1366 5409 1400 5458 ut
1416 5417 1451 5456 se
1469 5393 1658 5457 transferret
1684 5397 1713 5453 in
1740 5413 1815 5470 apo·

263 5514 367 5564 tecam
388 5501 597 5564 Gdanensem
622 5504 798 5571 admonuit.
824 5525 886 5565 non
905 5516 1031 5566 attenta
1054 5524 1180 5563 summa
1199 5505 1378 5583 peripsum
1396 5514 1526 5582 recepta
1552 5515 1585 5563 et
1602 5501 1816 5561 submissione

263 5612 372 5691 ipsius,
408 5613 460 5688 qui
494 5613 624 5672 tandem
658 5614 802 5672 existens
834 5614 863 5670 iu
889 5625 1026 5689 apoteca
1060 5611 1152 5672 XXll
1184 5630 1309 5671 marcas
1344 5610 1563 5670 l'rutenicales
1595 5611 1626 5668 in
1651 5608 1817 5668 medicinis

263 5719 423 5796 expoSuit,
455 5728 572 5796 petens
595 5719 700 5797 ipsum
725 5719 800 5799 cogi
823 5718 865 5778 ad
889 5720 1130 5779 restitucionem
1153 5737 1279 5779 summe
1310 5737 1370 5796 per
1392 5717 1496 5795 ipsum
1521 5728 1656 5793 recepte
1689 5732 1816 5774 necnon
