4392 6672
395 691 434 754 16
863 693 957 743 ACTA
975 693 1099 744 IUDICll
1119 695 1255 746 ECCLES.
1278 694 1464 744 PLOCENSlS

803 785 968 791 ......——-.
1192 787 1274 792 -κ,
1283 787 1617 794 .—.————-——-.-—--.-.
1636 787 1714 794 -ι-.--
1721 787 1749 794 --.,
1763 787 1774 794 ι
1782 789 1862 794 --.-..

392 905 512 968 Camor
536 907 576 968 de
593 904 710 986 Tyslry
736 906 934 986 percussisse
958 907 1132 987 ipsumque
1155 904 1286 968 Paulum
1312 905 1427 970 nobilis
1452 906 1619 969 Michaelis
1643 909 1683 970 de
1699 907 1817 988 Tysky
1842 909 1944 970 homi·

393 1012 589 1076 neminisse
620 1023 653 1075 et
677 1013 720 1074 ob
750 1013 813 1074 hoc
836 1013 926 1074 iuxta
958 1013 1124 1075 laudum
1157 1023 1369 1076 terrestre
1403 1016 1484 1076 inter
1516 1035 1674 1095 personas
1705 1013 1943 1077 ecclesiasticas

393 1129 425 1182 et
449 1119 611 1183 seculares
643 1119 695 1182 diu
729 1131 854 1182 tentum
890 1133 931 1190 et¹
956 1121 1120 1182 laudatum
1153 1139 1271 1200 penam
1296 1120 1309 1181 l
1334 1141 1500 1202 sexagene
1532 1133 1667 1202 propter
1701 1123 1942 1200 percussionem

394 1229 562 1290 incurrisse
586 1237 618 1289 et
643 1227 686 1288 ob
710 1226 772 1287 hoc
796 1225 916 1290 dietum
942 1227 1116 1307 plebanum
1149 1227 1190 1288 ad
1215 1227 1405 1290 solvendum
1430 1227 1567 1289 eandem
1592 1247 1792 1308 sexagenam
1825 1240 1859 1290 ut
1892 1247 1945 1307 pe·

394 1355 468 1396 nam
493 1335 711 1416 percussionis
734 1335 941 1414 presentibus
964 1336 1278 1416 condempnamus..

608 1528 648 1590 A.
680 1530 770 1606 1462,
795 1526 861 1588 Iulii
888 1543 939 1605 30,
963 1530 994 1589 in
1018 1529 1210 1590 consistorio
1236 1528 1443 1592 Poltoviensi.

500 1649 566 1718 41.
590 1652 689 1734 (Acta
713 1650 796 1713 ollic.
822 1652 869 1732 Il).
895 1651 928 1714 ln
954 1671 1050 1714 causa
1076 1651 1218 1726 Strusch,
1251 1655 1414 1733 capitanei
1438 1653 1663 1724 Poltoviensis‚
1695 1664 1809 1715 contra
1833 1651 1944 1714 Vitum

396 1762 569 1842 plebanum
604 1761 636 1821 in
661 1759 798 1828 Sunsko,
835 1770 1026 1840 procurator
1057 1761 1217 1839 capitanei
1250 1761 1429 1842 proposuit,
1466 1759 1633 1840 quomodo
1665 1759 1739 1821 hinc
1770 1758 1802 1822 id
1831 1773 1882 1822 est
1905 1759 1946 1820 de

396 1865 562 1931 Poltowsk
586 1867 736 1928 currebat
760 1869 849 1927 canis
873 1865 951 1928 alias
975 1865 1061 1928 azael
1083 1877 1157 1947 post
1181 1887 1265 1948 eum,
1291 1868 1422 1948 quando
1447 1867 1514 1928 ibat
1539 1866 1697 1947 plebanus
1722 1868 1761 1928 de
1779 1864 1945 1928 Poltowsk

397 1987 472 2038 ante
497 1975 545 2036 IV
569 1975 777 2054 septimanas,
810 1993 907 2054 quem
933 1992 1046 2034 canem
1072 1993 1188 2054 passus
1212 1987 1262 2036 est
1287 1995 1414 2036 currere
1447 1985 1524 2053 post
1547 1994 1582 2036 se
1614 1993 1716 2053 usque
1748 1974 1791 2035 ad
1814 1974 1947 2034 domum

397 2082 526 2162 plebani
552 2081 582 2142 in
607 2079 738 2143 Sunsko
762 2089 794 2140 et
818 2091 936 2159 postea
959 2082 1064 2160 ipsum
1090 2081 1222 2143 tradidit
1247 2091 1279 2142 et
1303 2080 1438 2142 donavit
1462 2079 1561 2142 nobili
1585 2079 1710 2152 Sasino,
1742 2078 1806 2140 lilio
1830 2076 1948 2142 vexilli·

398 2189 456 2251 feri
481 2187 680 2267 Czebnisky;
713 2189 827 2268 petivit
859 2207 932 2249 eum
968 2187 1027 2250 sibi
1056 2189 1194 2266 restitui;
1226 2200 1438 2270 procuratore
1472 2186 1600 2268 plebani
1634 2187 1830 2266 excipiente,
1861 2185 1948 2265 quod

399 2306 530 2358 nonest
548 2294 812 2376 respondendum
838 2307 972 2374 propter
989 2295 1057 2356 dies
1074 2294 1207 2357 feriatos
1223 2297 1391 2372 messium;
1415 2294 1593 2376 replicante
1615 2303 1834 2374 procuratore,
1859 2291 1949 2372 quod

399 2404 486 2484 sapit
512 2414 657 2464 naturam
683 2403 777 2482 spolii
802 2401 861 2462 hec
878 2419 983 2473 causa,
1009 2422 1072 2481 que
1096 2411 1146 2464 est
1171 2403 1382 2482 privilegiata,
1408 2413 1442 2464 et
1466 2421 1530 2463 non
1555 2401 1762 2464 obstantibus
1787 2399 1949 2462 vacanciis

399 2523 449 2574 est
473 2509 727 2592 procedendum.
769 2509 811 2571 Et
835 2509 1017 2572 dominus..
1042 2510 1218 2590 assignavit
1252 2511 1424 2570 terminum
1456 2507 1496 2569 ad
1521 2507 1764 2571 deliberandum
1798 2504 1876 2567 alias
1908 2503 1949 2564 ad

400 2618 666 2700 respondendum
692 2617 734 2678 ad
759 2615 834 2678 VlIl
860 2617 936 2678 dies.

614 2809 655 2872 A.
687 2807 776 2888 1462,
801 2809 943 2890 Augusti
969 2825 1019 2890 η,
1043 2813 1074 2870 in
1098 2811 1293 2874 consistorio
1319 2808 1524 2873 Poltoviensi.

506 2930 571 3000 42.
596 2934 694 3014 (Acta
719 2933 801 2996 offic.
825 2933 895 3010 Ill..
927 2933 962 2995 ln
987 2953 1084 2996 causa
1116 2933 1245 2998 discreti
1270 2935 1368 3010 Petri,
1400 2936 1508 2996 vicarii
1541 2935 1570 2994 in
1597 2931 1806 3004 Ostralanka,
1839 2943 1952 2994 contra

401 3042 593 3106 Phalislaum
611 3042 651 3104 de
668 3041 826 3123 Lompza,
852 3041 998 3104 l'etrus..
1025 3045 1203 3124 proposuit.
1229 3042 1396 3124 quomodo
1420 3043 1573 3104 convenit
1590 3061 1664 3103 eum
1689 3041 1730 3102 ad
1747 3038 1950 3102 scribendum

403 3150 552 3212 librum
589 3147 725 3211 biblie
758 3168 776 3210 a
802 3149 959 3229 principio
992 3169 1094 3230 usque
1126 3152 1166 3210 ad
1192 3149 1287 3211 linem
1321 3169 1380 3229 pro
1404 3167 1523 3211 acervo
1547 3149 1681 3230 siliginis
1712 3157 1746 3208 et
1770 3145 1869 3208 XXV
1893 3165 1950 3226 gn,

403 3258 485 3339 petit
509 3257 568 3319 sibi
593 3257 716 3318 restitui
741 3267 914 3318 sexternos
938 3257 1084 3336 scriptos.
1110 3255 1161 3316 Ex
1178 3255 1316 3318 adverso
1343 3277 1422 3337 mgr.
1448 3254 1637 3330 Stanislaus,
1661 3265 1852 3336 procurator
1875 3251 1953 3314 Pha·

403 3362 513 3426 lislai..
538 3365 630 3434 dixit,
655 3361 743 3444 quod
761 3383 826 3425 non
845 3361 971 3424 luerunt
997 3371 1047 3426 tot
1071 3362 1197 3425 cassule
1221 3365 1413 3432 innumero,
1439 3383 1499 3443 pro
1516 3375 1596 3442 quot
1621 3364 1777 3443 promisit,
1803 3359 1954 3422 videlicet

403 3469 501 3532 XXX
525 3471 630 3532 minus
653 3469 788 3544 duabus,
812 3481 845 3531 et
862 3470 1018 3551 promisit,
1043 3471 1131 3550 quod
1148 3469 1293 3552 quelibet
1316 3467 1444 3532 cassula
1459 3470 1572 3533 debuit
1588 3469 1666 3532 dare
1683 3469 1778 3531 duas.
1793 3467 1866 3546 ...¹),
1891 3467 1954 3528 hoc

403 3578 522 3640 vicario
548 3589 690 3658 negante
714 3576 863 3638 dominus
886 3575 1003 3639 detulit
1027 3577 1088 3638 sibi
1114 3577 1339 3638 iuramentum.

617 3768 658 3832 A.
688 3768 782 3846 1464,
807 3769 931 3850 Aprilis
956 3785 1006 3840 20,
1030 3771 1062 3832 in
1086 3767 1255 3831 Poltowsk
1279 3771 1310 3830 in
1335 3770 1423 3830 curia
1447 3767 1634 3850 episcopali.

511 3890 575 3960 43.
599 3893 700 3970 (Acta
724 3895 822 3974 episc.
847 3893 904 3975 ll..
929 3894 1069 3956 Michael
1094 3893 1180 3956 Petri
1204 3895 1245 3956 de
1269 3892 1467 3968 Prasmowo,
1491 3895 1610 3955 arcium
1637 3893 1843 3964 baccalarius,
1868 3892 1951 3952 insti·

406 4014 501 4084 gator
525 4001 620 4064 officii
645 4002 740 4064 Rdi..
765 4001 819 4062 dni
844 3999 984 4076 Stiborii,
1018 4001 1112 4062 electi
1135 3999 1272 4063 ecclesie
1297 4000 1463 4062 Plocensis
1487 3999 1678 4072 confirmati,
1704 3998 1857 4081 produxit
1882 3999 1957 4059 cita·

407 4113 532 4172 cionem
566 4119 679 4170 contra
711 4119 744 4170 et
768 4109 923 4171 adversus
958 4109 1134 4170 discretum
1166 4107 1362 4178 Iohannem,
1398 4109 1550 4169 vicarium
1584 4109 1614 4168 in
1639 4108 1816 4188 Pnyewo..
1843 4116 1957 4185 petens

406 4220 512 4298 ipsum
539 4218 740 4295 pronunciari
765 4225 998 4278 contumacem.
1033 4215 1226 4278 Exadverso
1252 4214 1420 4282 lohannes,
1454 4216 1590 4275 vicarius
1616 4213 1787 4290 predictus,
1819 4214 1958 4274 termino

407 4325 573 4386 citacionis
590 4320 792 4385 satisfaciens
809 4325 998 4406 comparuit,
1016 4335 1131 4384 contra
1148 4341 1245 4402 quern
1263 4320 1408 4402 prefatus
1424 4321 1564 4382 Michael
1582 4330 1736 4400 tanquam
1754 4319 1957 4399 instigator..

409 4433 563 4513 produxit
586 4430 749 4502 articulos,
775 4441 890 4510 petens
907 4432 986 4510 ipsis
1010 4450 1068 4511 per
1091 4439 1218 4510 partem
1244 4429 1414 4492 adversam
1440 4427 1631 4508 responderi
1664 4427 1773 4488 medio
1798 4446 1856 4487 suo
1881 4425 1959 4485 iura·

410 4548 529 4608 mento,
565 4538 680 4618 quibus
711 4537 852 4600 articulis
886 4557 943 4617 per
967 4537 1089 4599 dictum
1121 4538 1379 4616 instigatorem..
1411 4535 1576 4615 productis
1611 4531 1755 4615 prefatus
1791 4532 1958 4596 lohannes.

408 4647 543 4708 vicarius
568 4647 600 4706 in
618 4645 770 4722 Pnyew0,
795 4646 908 4707 iuravit
933 4646 1090 4706 veraciter
1114 4665 1148 4705 se
1166 4661 1396 4723 responsurum
1421 4641 1462 4702 ad
1479 4641 1631 4702 articulos
1657 4641 1821 4719 predictos
1845 4649 1957 4699 contra

409 4755 513 4836 ipsum
539 4753 718 4834 productos
750 4754 790 4812 ad
816 4773 838 4814 s.
864 4751 925 4813 Dei
950 4750 1146 4831 Ewangelia‚
1179 4764 1295 4830 petens
1327 4748 1550 4810 nichilominus
1582 4768 1640 4830 per
1665 4745 1825 4826 prelatum
1851 4745 1958 4806 Rdum

411 4870 535 4942 patrem
560 4880 598 4922 ac
621 4859 702 4920 alios
726 4877 908 4921 assessores
935 4869 1073 4937 protunc
1098 4858 1164 4919 Ptis
1185 4877 1242 4920 sue
1266 4876 1302 4918 se
1319 4853 1490 4925 informari,
1516 4858 1542 4916 si
1559 4868 1591 4916 et
1609 4856 1638 4916 in
1657 4864 1814 4936 quantum
1840 4850 1959 4932 aliquid

410 4978 505 5037 esset,
539 4967 626 5048 quod
652 4967 720 5047 ipse
746 4968 850 5027 minus
876 4965 959 5028 bene
984 4964 1179 5046 intelligeret
1204 4966 1234 5025 in
1251 4964 1345 5026 dictis
1369 4965 1518 5028 articulis.
1548 4959 1796 5042 quibusquidern
1821 4957 1961 5021 articulis

411 5075 470 5137 sibi
496 5074 668 5155 singilatim
688 5074 780 5135 lectis
804 5072 844 5134 ad
870 5074 1064 5153 primurn,
1090 5072 1143 5150 qui
1160 5072 1286 5150 incipit:
1315 5070 1482 5150 »Inprimis
1501 5071 1592 5148 ponit
1609 5079 1641 5131 et
1658 5070 1798 5150 probare
1816 5065 1959 5130 intendit.

412 5181 499 5264 quod
517 5181 586 5263 ipse
604 5181 764 5242 lohannes
789 5181 949 5260 presbiter
973 5192 1005 5241 et
1023 5179 1159 5239 vicarius
1184 5175 1374 5257 parochialis
1400 5177 1587 5258 predicabat
1611 5187 1644 5237 et
1663 5175 1806 5256 predicat
1823 5172 1957 5252 singulis

412 5287 535 5352 festivis
558 5299 591 5351 et
616 5289 784 5350 dominicis
810 5283 945 5372 [diebus]
972 5283 1094 5368 populo
1117 5284 1237 5347 adhoc
1261 5286 1292 5345 in
1316 5284 1451 5345 ecclesia
1473 5293 1705 5364 congregato«,
1730 5279 1960 5362 respondendo

412 5398 493 5459 dixit
518 5394 685 5458 articulum
710 5395 739 5456 in
758 5404 851 5475 parte
876 5413 949 5456 esse
966 5413 1086 5466 verum,
1116 5393 1191 5471 quia
1209 5411 1274 5452 non
1291 5411 1421 5472 semper
1445 5401 1477 5452 et
1494 5388 1691 5470 quibuslibet
1708 5387 1821 5448 diebus
1840 5385 1963 5447 festivis

412 5524 470 5568 seu
494 5503 665 5566 dominicis
689 5501 880 5583 predicabat
915 5514 949 5563 et
973 5501 1129 5582 predicat,
1162 5500 1221 5560 nisi
1245 5499 1276 5559 in
1301 5499 1366 5560 suis
1390 5499 1581 5577 septimanis
1612 5494 1653 5556 ad
1677 5494 1783 5574 ipsum
1808 5503 1962 5572 tanquam

522 5731 541 5796 ¹)
560 5732 650 5796 Wyrua
668 5731 822 5796 niemytelny
841 5747 853 5778 z
871 5729 982 5795 powodu
1003 5727 1184 5794 wyblekniecia
1204 5725 1295 5776 telutu.
