4458 6674
928 683 931 689 “
959 676 1050 728 ANNI
1068 675 1146 730 1512.

276 889 472 950 coniunctim
489 887 617 950 solvere
633 888 815 950 debuerunt
831 889 924 950 simul
942 907 1014 952 cum
1032 887 1161 969 prefato
1181 887 1325 952 Iohanne
1345 889 1534 966 Przetborii,
1552 909 1649 972 quern
1670 889 1830 972 prefatum

275 992 470 1062 Stanislaum
495 997 726 1076 interemptum
751 994 910 1058 duntaxat
934 995 1079 1076 prelatus
1102 995 1265 1058 Iohannes
1288 997 1377 1059 solus
1402 997 1558 1077 persolvit
1582 999 1673 1061 iuxta
1700 999 1830 1062 laudum

275 1114 368 1171 terre.
394 1122 528 1184 quorum
554 1105 698 1182 ipsorum
723 1101 824 1164 falso
849 1104 1019 1181 periurio
1044 1102 1205 1166 lohannes
1227 1101 1451 1166 damnificatus
1476 1106 1580 1166 estin
1605 1125 1730 1168 summa
1749 1109 1830 1188 prin·

276 1209 371 1288 cipali
394 1209 554 1271 solvendo
578 1209 740 1289 prelatum
765 1206 962 1271 Stanislaum
992 1212 1134 1272 occisum
1166 1212 1249 1288 parti
1277 1209 1399 1272 dolenti
1425 1212 1510 1273 etin
1536 1211 1686 1293 dampnis
1711 1213 1830 1275 exinde

276 1317 403 1389 secutis,
428 1316 553 1395 singula
578 1315 711 1397 singulis
734 1317 945 1394 conputando
966 1319 1007 1379 ad
1023 1315 1052 1378 L
1069 1336 1251 1397 sexagenas
1272 1337 1319 1397 gr.
1333 1318 1363 1378 in
1385 1318 1500 1380 mediis
1525 1339 1579 1398 gr..
1605 1331 1722 1398 petens
1738 1321 1829 1400 ipsos

276 1424 307 1483 in
331 1423 451 1484 eisdem
476 1423 688 1484 condemnari
711 1433 745 1484 et
769 1424 810 1484 ad
833 1421 1033 1486 solucionem
1058 1424 1133 1504 cogi
1158 1434 1191 1486 et
1215 1425 1256 1486 de
1281 1444 1367 1503 pena
1391 1427 1519 1504 periurii
1544 1427 1683 1506 puniri..

489 1581 529 1642 Α.
559 1596 650 1661 1512.
675 1581 811 1644 Ianuarii
838 1599 887 1661 30,
912 1585 944 1644 in
968 1584 1162 1645 consistorio
1187 1583 1392 1647 Poltoviensi.

382 1685 471 1753 344.
496 1688 596 1766 (Acta
615 1687 697 1751 offic.
715 1688 756 1767 X)
780 1689 814 1750 ln
840 1709 938 1752 causa
961 1689 1078 1752 nobilis
1101 1690 1259 1752 Katerine
1284 1689 1568 1771 Schymalrowslra
1591 1690 1686 1754 vidue
1711 1701 1827 1754 contra

274 1797 449 1859 discretum
467 1794 641 1858 Albertum
664 1798 842 1858 ministrum
864 1797 1001 1858 ecclesie
1022 1799 1054 1858 in
1071 1795 1277 1880 Szarbyewo,
1304 1799 1461 1859 Martinus
1483 1809 1675 1876 procurator
1698 1800 1829 1860 domine

275 1904 470 1984 reproducta
499 1904 689 1966 citacione..
713 1904 773 1966 sub
799 1903 891 1966 titulo
915 1915 949 1966 et
973 1904 1078 1986 sigillo
1102 1903 1178 1965 Rmi
1207 1903 1329 1967 domini
1354 1907 1455 1967 nostri
1480 1925 1553 1966 cum
1577 1908 1697 1967 inserta
1721 1906 1827 1968 eidem

274 2011 502 2072 commissione
519 2014 550 2072 in
569 2030 742 2090 personam
759 2011 811 2072 dni
830 2008 976 2072 officialis
996 2010 1082 2072 facta
1102 2013 1204 2073 verbo
1230 2013 1407 2093 proposuit.
1434 2014 1602 2093 quomodo
1626 2015 1696 2094 ipse
1714 2011 1829 2074 Alber-

274 2131 325 2180 tus
354 2119 497 2180 minister
525 2118 659 2180 ecclesie
688 2138 775 2179 anno
803 2118 947 2179 nondum
977 2118 1069 2200 lapso
1097 2117 1175 2178 feria
1200 2117 1278 2180 V-ta
1306 2120 1379 2198 ipso
1408 2119 1460 2181 die
1485 2141 1508 2180 s.
1533 2117 1702 2181 Dorothee
1733 2131 1828 2181 nocte

275 2225 433 2304 prolunda
458 2227 590 2287 veniens
614 2225 656 2285 ad
680 2225 848 2286 tabernam
877 2235 998 2286 certam
1029 2225 1147 2286 ibidem
1172 2227 1203 2285 in
1228 2224 1408 2307 Sarbyewo
1437 2224 1623 2286 familiarem
1648 2228 1749 2306 ipsius
1773 2227 1829 2288 do·

274 2333 358 2394 mine
382 2333 512 2393 nomine
538 2328 733 2393 Stanislaum
751 2341 783 2392 et
800 2330 989 2393 kinetonem
1011 2351 1103 2393 suum
1125 2330 1304 2393 vulneravit
1324 2333 1364 2392 ad
1386 2352 1516 2392 manum
1542 2333 1702 2394 sinistram
1724 2351 1827 2412 usque

273 2440 315 2501 ad
331 2440 495 2520 sanguinis
513 2437 702 2500 effusionem
720 2439 904 2510 notabilem,
930 2450 1179 2520 propterquam
1197 2437 1458 2500 vulneracionem
1480 2449 1513 2500 et
1534 2438 1769 2500 inhabilitatem
1787 2437 1827 2500 ad

274 2545 402 2609 labores
434 2544 677 2625 dampnificavit
707 2547 810 2625 ipsam
844 2545 986 2607 nobilem
1012 2548 1053 2608 ad
1077 2547 1182 2607 minus
1206 2547 1237 2606 in
1261 2545 1289 2607 ll
1313 2545 1495 2627 sexagenis.
1525 2557 1641 2625 petens
1666 2547 1770 2626 ipsum
1796 2547 1826 2606 in

274 2652 396 2715 eisdem
421 2654 551 2714 racione
575 2652 765 2714 damnorum
784 2663 817 2714 et
835 2653 990 2714 interesse
1015 2672 1141 2715 necnon
1166 2654 1198 2712 in
1223 2673 1307 2733 pena
1338 2653 1624 2730 percussionalium
1649 2654 1739 2715 iuxta
1765 2653 1827 2714 lau-

272 2760 347 2820 dum
379 2771 465 2822 terre
497 2761 713 2821 condemnari.
747 2759 788 2820 Et
812 2760 931 2821 ibidem
956 2757 1114 2822 Albertus
1148 2779 1205 2839 per
1233 2779 1269 2821 se
1297 2779 1491 2839 comparens
1524 2758 1676 2840 allegavit
1707 2755 1827 2840 dicens

273 2865 360 2946 quod
391 2885 454 2928 non
485 2868 625 2946 potestis
657 2886 730 2927 esse
762 2885 853 2928 meus
884 2867 990 2942 iudex,
1021 2868 1094 2947 quia
1124 2887 1193 2928 sum
1224 2867 1264 2928 de
1289 2865 1446 2928 decanatu
1478 2865 1624 2928 Plocensi
1649 2877 1682 2928 et
1707 2865 1826 2928 ibidem

273 2983 351 3052 peto
375 2993 427 3034 me
452 2973 586 3049 remitti;
610 2971 751 3034 Martino
777 2983 987 3053 procuratore
1011 2973 1142 3034 domine
1171 2975 1356 3053 replicante,
1382 2975 1470 3054 quod
1496 2993 1631 3054 presens
1655 2993 1752 3034 causa
1776 2981 1826 3036 est

272 3080 446 3141 commissa
470 3079 663 3158 specialibus
687 3079 801 3141 litteris
825 3091 858 3142 et
879 3079 1010 3160 speciali
1035 3081 1263 3141 commissione
1289 3081 1364 3141 Rmi
1388 3080 1443 3141 dni
1469 3082 1579 3150 nostri,
1605 3081 1694 3140 cuius
1719 3077 1825 3142 Pater·

271 3187 355 3248 nitas
380 3197 490 3266 potest
514 3187 633 3266 ubique
661 3183 806 3248 locorum
830 3187 861 3247 in
887 3206 944 3248 sua
972 3186 1093 3247 diocesi
1123 3205 1252 3247 causam
1282 3207 1412 3248 suorum
1442 3187 1689 3248 diocesanorum
1715 3187 1825 3247 audire

271 3305 304 3355 et
329 3291 397 3354 aliis
421 3294 634 3366 committere,
659 3305 757 3403 prput
780 3295 811 3354 in
837 3294 979 3374 presenti
1003 3313 1079 3355 casu
1104 3295 1218 3374 agitur,
1244 3304 1361 3373 petens
1386 3293 1592 3374 interloqui..
1695 3283 1696 3286 ¹

480 3487 523 3549 A.
553 3501 633 3566 1512
659 3485 825 3548 Februarii
849 3503 879 3564 4,
905 3487 934 3547 in
960 3487 1156 3548 consistorio
1180 3486 1388 3549 Poltoviensi.

377 3589 466 3658 345.
496 3593 594 3670 (Acta
624 3591 708 3655 olfic.
737 3593 778 3670 Χ)
811 3592 845 3652 ln
876 3611 975 3654 causa
1005 3590 1118 3654 honor.
1147 3593 1200 3653 dni
1232 3592 1340 3654 lacobi
1367 3591 1408 3654 de
1438 3590 1652 3668 Gosthkowo,
1678 3593 1824 3655 canonici

270 3699 541 3762 Varschoviensis
564 3709 598 3762 et
621 3699 753 3780 plebani
777 3700 810 3760 in
835 3697 1050 3770 Grudowslro,
1075 3710 1189 3761 contra
1221 3719 1417 3780 generosum
1449 3699 1548 3761 dnum
1574 3700 1824 3762 Pomstiborium

269 3805 526 3889 Dzyerzgowslri
546 3805 587 3868 de
609 3804 754 3869 Paulovo
775 3805 987 3870 castellanum
1008 3803 1360 3888 Czyechonoviensem‚
1383 3826 1464 3887 mgr.
1483 3807 1617 3870 lacobus
1634 3817 1825 3887 procurator

269 3911 323 3974 dni
347 3915 525 3976 canonici..
549 3917 713 3978 accusavit
729 3916 965 3976 contumaciam
983 3915 1060 3976 dicti
1077 3914 1293 3988 Pomstiborii‚
1318 3926 1468 3994 petens..
1494 3931 1667 3994 processus
1691 3925 1824 3994 oportu-

269 4041 329 4082 nos
352 4022 492 4083 decerni.
517 4021 559 4082 Et
582 4021 702 4084 ibidem
727 4041 922 4102 comparens
946 4021 1029 4083 dnus
1053 4021 1160 4083 Lucas
1182 4021 1443 4084 commendatius
1462 4023 1494 4082 in
1516 4021 1667 4084 Paulowo
1691 4021 1773 4082 dixit
1789 4028 1823 4080 et

270 4137 470 4206 protestatus
495 4139 545 4191 est
568 4130 675 4208 ipsum
700 4129 799 4190 dnum
824 4126 1032 4190 castellanum
1059 4149 1125 4190 non
1150 4129 1297 4209 potuisse
1320 4129 1431 4190 venire
1457 4148 1516 4209 pro
1541 4129 1657 4190 eodern
1682 4128 1822 4189 termino

269 4245 406 4314 propter
436 4236 690 4314 occupacionem
724 4235 898 4316 reipublice
928 4245 961 4296 et
991 4237 1193 4314 propriorum
1227 4237 1445 4315 negociorum,
1475 4244 1592 4315 petens
1626 4235 1684 4296 sibi
1717 4235 1822 4298 termi-

270 4360 345 4400 num
376 4351 621 4422 competentem
646 4342 688 4404 ad
718 4341 940 4403 ratificandum
972 4351 1080 4403 actum
1110 4342 1225 4404 saltem
1254 4343 1449 4422 quindenam
1481 4339 1603 4421 prefigi.
1635 4339 1677 4403 Et
1702 4343 1820 4404 ibidem

269 4465 350 4526 mgr.
381 4445 519 4510 Iacobus
555 4458 746 4527 procurator
781 4448 834 4510 dui
870 4447 977 4509 lacobi
1013 4449 1158 4509 canonici
1194 4451 1374 4530 proposuit,
1410 4448 1498 4527 quod
1533 4449 1603 4527 ipse
1635 4467 1721 4510 anno
1753 4469 1822 4530 pre·

267 4555 351 4616 senti
383 4553 402 4616 s.
431 4554 510 4617 V·ta
546 4565 622 4635 post
651 4553 769 4618 festum
798 4576 822 4617 a.
854 4555 1008 4617 Phabiani
1045 4555 1076 4616 in
1111 4556 1256 4616 terminis
1292 4556 1519 4616 communibus
1554 4564 1630 4616 tunc
1667 4557 1698 4616 in
1734 4555 1822 4618 Prza·

266 4659 369 4722 sznisz
392 4660 573 4733 celebratis,
597 4660 673 4722 dum
696 4661 812 4724 nobilis
833 4661 995 4723 lohannes
1018 4661 1241 4724 Szokolowski
1265 4661 1410 4741 parendo
1433 4663 1607 4723 concordie
1628 4670 1716 4724 certe
1738 4665 1822 4724 inter

267 4769 373 4850 ipsum
398 4779 431 4830 et
456 4768 552 4830 dnum
585 4767 738 4830 Iacobum
771 4771 961 4831 canonicum
995 4769 1077 4830 lacte
1102 4768 1180 4830 Vlll
1209 4789 1391 4850 sexagenas
1415 4769 1604 4830 iudicialiter
1630 4770 1819 4850 reponebat,

268 4895 328 4952 pro
352 4875 469 4954 quibus
493 4874 690 4956 accipiendis
715 4885 747 4936 et
772 4872 916 4938 levandis
944 4877 1079 4938 nuncios
1108 4896 1185 4937 suos
1214 4875 1297 4938 dnus
1321 4875 1459 4938 lacobus
1483 4879 1624 4950 miserat,
1649 4879 1718 4953 ipse
1743 4896 1820 4938 vero

267 4980 350 5044 dnus
374 4981 569 5043 castellanus
593 4980 679 5044 nullo
704 4983 859 5044 mandato
883 5003 902 5044 a
926 4983 992 5045 dno
1021 4985 1179 5044 canonico
1207 4983 1319 5046 habito
1348 4984 1480 5046 easdem
1512 4985 1666 5062 pecunias
1690 5002 1749 5063 per
1772 4983 1821 5043 lo·

267 5087 405 5150 hannem
432 5087 656 5152 Szokolowski
683 5092 847 5168 repositas
869 5090 901 5150 vi
925 5101 959 5152 et
981 5088 1141 5152 violenter
1164 5093 1271 5170 rapuit
1291 5101 1324 5152 et
1345 5091 1469 5170 recepit
1493 5091 1696 5168 eundemque
1721 5089 1819 5150 dnum

266 5199 458 5258 canonicum
483 5196 562 5276 ipsis
588 5195 730 5275 pecuniis
754 5197 915 5276 spoliavit,
940 5206 1057 5274 petens
1081 5199 1187 5276 ipsum
1212 5198 1253 5258 ad
1277 5198 1520 5260 restitucionem
1544 5197 1701 5258 dictarum
1726 5215 1818 5277 pecu·

267 5304 389 5364 niarum
414 5305 444 5366 vi
468 5313 672 5383 receptarum
694 5303 769 5384 cogi
789 5313 822 5364 ct
842 5304 873 5364 in
894 5305 1047 5384 expensis
1070 5304 1101 5363 in
1127 5323 1225 5366 causa
1249 5303 1432 5366 huiusmodi
1456 5303 1549 5366 lactis
1574 5303 1819 5364 condemnari..

479 5495 520 5558 A.
551 5510 642 5575 1512,
667 5495 833 5558 Februarii
860 5509 910 5576 27,
934 5498 967 5558 in
991 5497 1187 5558 consistorio
1211 5496 1421 5558 Poltoviensi.

373 5597 463 5666 346.
486 5602 584 5683 (Acta
608 5600 692 5665 offic.
709 5601 751 5681 Χ)
774 5602 808 5664 In
833 5621 931 5664 causa
955 5601 1009 5663 dni
1034 5601 1121 5663 Pauli
1151 5603 1304 5682 Podoski
1329 5602 1459 5682 plebani
1483 5605 1513 5664 in
1539 5603 1654 5666 Rozan
1678 5614 1711 5664 et
1734 5603 1818 5683 capi·

266 5709 354 5770 tanei
369 5708 412 5770 de
428 5708 557 5788 ibidem,
578 5719 692 5772 contra
713 5709 870 5790 providos
892 5708 1049 5770 Mathiam
1071 5707 1240 5790 Zamylkli,
1255 5707 1429 5772 Albertum
1450 5710 1598 5792 Kopyto‚
1622 5708 1818 5772 Stanislaum
