4458 6674
412 681 475 744 104
885 665 979 716 ACl'A
998 665 1120 716 ututctt
1140 666 1277 716 ECCLES.
1297 665 1489 716 PhoceusIs

1613 759 1846 766 ——-—--·..-..
1856 757 1958 766 ————

407 877 558 942 dictionis
574 875 659 940 illius
672 875 753 938 Mar.
770 873 883 946 celle,
906 897 970 958 que
986 888 1037 940 est
1053 877 1123 938 dies
1139 879 1240 940 tercia
1264 897 1305 940 m.
1322 878 1411 948 lunii.
1434 897 1454 938 a
1470 877 1559 940 clero
1582 889 1616 940 et
1632 877 1758 958 populo
1775 877 1958 949 solenniter,

408 995 442 1046 et
465 1003 490 1046 s.
513 983 665 1046 Iohannis
696 983 921 1046 Elemosinarii
951 1003 971 1044 a
995 982 1082 1048 clero
1107 995 1232 1046 tantum
1257 985 1420 1046 celebrare
1453 997 1486 1046 et
1511 988 1540 1044 in
1566 984 1619 1046 illa
1647 984 1761 1048 sillaba
1788 987 1854 1047 ›ci‹
1880 984 1962 1046 illius

409 1091 564 1154 diccionis
588 1089 737 1160 Briccius.
762 1109 826 1170 que
843 1101 893 1152 est
909 1091 979 1152 dies
995 1089 1111 1152 X1V¹¹³
1135 1111 1176 1152 m.
1194 1090 1398 1160 Novembris,
1423 1103 1457 1154 et
1475 1091 1686 1172 indulgenciis
1710 1091 1819 1154 multis
1841 1113 1858 1152 a
1876 1089 1962 1154 Sede

409 1195 590 1280 apostolica
620 1197 803 1280 apportatis
827 1198 914 1260 dicta
937 1195 1021 1260 testa
1045 1197 1260 1278 privilegiavit
1292 1210 1326 1261 et
1349 1200 1523 1264 decoravit.
1556 1219 1620 1278 que
1653 1202 1683 1258 in
1708 1199 1803 1260 buIIIs
1826 1199 1963 1260 ecclesie

409 1317 443 1368 et
466 1303 592 1388 capella
617 1325 641 1367 s.
666 1303 793 1366 Erasini
816 1305 849 1365 in
872 1303 1008 1366 ecclesia
1034 1303 1180 1366 Plocensi
1205 1305 1420 1367 continentur.

623 1497 665 1560 A.
694 1496 785 1578 1506.
811 1497 913 1560 Martii
938 1513 988 1576 31.
1014 1497 1044 1558 in
1070 1495 1170 1558 Plock
1195 1500 1227 1558 in
1251 1499 1339 1560 curia
1363 1500 1552 1578 episcopali.

517 1618 608 1688 244.
632 1622 729 1702 (Acta
753 1625 852 1702 episc.
877 1621 958 1704 Ia)..
983 1620 1139 1686 Testes
1162 1643 1206 1684 ex
1224 1621 1330 1686 officio
1354 1621 1532 1686 examinati
1557 1645 1655 1702 super
1679 1625 1745 1686 vita
1769 1635 1802 1686 et
1819 1624 1963 1685 mortbus

300 1729 304 1734 ’
411 1729 496 1792 Petri
522 1727 667 1792 Lacheta
692 1731 863 1812 presbiteri
888 1741 921 1792 et
946 1727 1082 1792 Andree
1106 1727 1361 1811 Swynyaglowa
1391 1732 1494 1792 eciam
1520 1731 1690 1811 presbiteri
1716 1731 1806 1792 ads.
1831 1731 1963 1792 Bartho-

411 1833 551 1898 lomeum
576 1845 610 1900 et
633 1835 757 1898 Mathie
781 1835 1015 1916 Marchyewka
1038 1837 1117 1898 civis
1141 1838 1173 1898 in
1198 1835 1346 1899 Ploczko.

518 1942 680 2004 Primus
704 1944 797 2006 testis
820 1943 904 2004 dnus
928 1941 1108 2005 Stanislaus
1136 1945 1396 2006 commendatius
1428 1945 1469 2005 ad
1493 1965 1517 2006 s.
1542 1945 1843 2007 Bartholomeum..
1866 1947 1964 2024 depo·

411 2052 506 2114 suit..
531 2050 620 2132 quod
644 2049 724 2114 vidit
748 2048 939 2114 multociens
963 2048 1130 2112 mulierem
1156 2048 1380 2132 Gomolczyna
1405 2053 1587 2114 maritatam
1612 2051 1654 2112 de
1670 2051 1770 2114 domo
1794 2052 1880 2114 Petri
1905 2051 1964 2112 La·

411 2156 507 2220 cheta
530 2169 704 2220 exeuntem
729 2167 763 2220 et
778 2157 952 2221 intrantem
976 2159 1163 2238 audivitque
1188 2159 1335 2220 maritum
1361 2159 1461 2237 ipsius
1478 2157 1703 2240 Gomolczyna
1719 2179 1830 2222 coram
1848 2159 1963 2220 eodem

412 2271 496 2326 teste
520 2279 633 2326 contra
657 2263 778 2326 dictum
804 2263 932 2326 Petrum
958 2265 1194 2344 querulantem,
1225 2265 1314 2346 quod
1340 2265 1409 2342 ipse
1433 2279 1601 2346 separaret
1626 2277 1659 2330 et
1683 2277 1771 2328 esset
1795 2285 1893 2326 carisa
1917 2286 1962 2325 se·

412 2371 594 2454 paracionis
618 2371 730 2434 uxoris
754 2371 855 2452 ipsius
878 2371 920 2434 ab
944 2391 993 2432 eo.

521 2477 611 2540 Idem
636 2479 730 2542 testis
753 2479 913 2560 deposuit,
939 2479 1028 2556 quod
1053 2478 1207 2540 Andreas
1230 2477 1483 2560 Swynyaglowa
1516 2493 1624 2542 servat
1649 2501 1744 2542 unam
1770 2480 1910 2562 puellam
1935 2481 1966 2540 in

412 2585 513 2648 domo
536 2585 667 2648 nomine
691 2583 877 2652 Barbaram.
901 2585 942 2648 de
960 2605 1023 2665 qua
1045 2585 1222 2648 vehemens
1238 2597 1288 2647 est
1305 2600 1338 2648 et
1355 2590 1537 2648 communis
1560 2590 1703 2666 suspicio
1728 2589 1965 2650 incontinencie

412 2703 446 2754 et
470 2691 660 2754 scandalum
685 2693 805 2755 exinde
827 2693 930 2754 oritur
953 2713 1016 2754 non
1042 2693 1214 2760 modicum.
1239 2715 1311 2756 cum
1330 2714 1394 2774 qua
1410 2696 1511 2756 eciam
1536 2695 1683 2775 hospIcia
1707 2697 1804 2758 intrat
1829 2695 1966 2775 publice.

520 2797 608 2862 Idem
632 2797 793 2878 deposuit.
819 2799 908 2880 quod
932 2798 1073 2862 Mathias
1099 2799 1330 2880 Marchyewlta
1354 2801 1432 2862 clvis
1449 2803 1553 2863 minus
1578 2801 1695 2882 pudice
1721 2801 1888 2864 cohabitat
1904 2803 1965 2861 cui·

413 2905 487 2968 dam
513 2907 608 2968 vldue
633 2905 826 2978 Cothlrotva,
851 2927 914 2987 que
939 2909 1001 2968 iam
1028 2907 1152 2988 prolem
1177 2907 1279 2970 edidit
1303 2910 1487 2978 intendem,
1512 2907 1553 2968 de
1571 2929 1636 2988 quo
1652 2909 1754 2970 eciam
1780 2908 1965 2968 scandalum

413 3013 515 3076 oritur
538 3012 720 3086 multorum,
747 3013 821 3092 quia
844 3014 875 3074 id
900 3013 1030 3094 publice
1055 3013 1088 3076 lit
1112 3024 1147 3076 et
1170 3017 1391 3078 committitur.

520 3119 609 3183 Idem
633 3120 795 3202 deposuit,
827 3119 913 3200 quod
939 3118 1077 3182 Michael
1100 3133 1206 3183 sartor
1230 3124 1316 3191 civis,
1349 3123 1519 3202 presertim
1545 3143 1617 3184 cum
1644 3135 1694 3182 est
1718 3121 1834 3192 ebrius,
1863 3121 1968 3184 blas·

415 3225 586 3306 phemat
609 3235 723 3290 contra
748 3225 845 3290 sidem
870 3236 903 3289 et
920 3238 1035 3290 contra
1059 3227 1169 3290 sedem
1194 3230 1408 3308 apostolicam
1434 3239 1467 3290 et
1484 3241 1598 3290 contra
1622 3239 1742 3290 statum
1768 3226 1967 3308 spiritualem

414 3335 445 3394 in
462 3352 512 3402 eo,
536 3333 624 3414 quod
647 3334 726 3396 dicit
749 3344 863 3396 contra
881 3331 987 3406 fidem,
1012 3335 1098 3416 quod
1117 3353 1223 3415 neque
1247 3356 1348 3416 regnu
1363 3357 1382 3395 n
1409 3337 1552 3396 celorum
1577 3355 1683 3416 neque
1703 3335 1845 3398 internus
1862 3354 1967 3414 neque

415 3440 480 3504 vita
504 3451 555 3502 est
572 3451 648 3522 post
672 3451 821 3513 mortem,
846 3462 918 3502 cum
944 3443 1034 3503 socio
1059 3461 1118 3504 suo
1143 3441 1287 3504 Iohanne
1312 3441 1413 3515 labro,
1439 3444 1492 3522 qni
1517 3459 1566 3502 est
1592 3453 1682 3503 secte
1706 3443 1860 3504 eiusdem.

521 3547 611 3610 Idem
636 3547 797 3630 deposuit.
830 3547 918 3628 quod
942 3547 1064 3610 audivit
1095 3571 1137 3612 ex
1161 3549 1323 3612 relacione
1347 3552 1485 3611 duorum
1510 3550 1625 3610 civium
1658 3546 1810 3611 Stanislai
1836 3549 1910 3610 Rolt
1936 3559 1968 3608 et

416 3653 543 3718 Alberti
569 3654 746 3738 Zyetonka.
778 3655 917 3736 qualiter
940 3676 1048 3717 coram
1074 3657 1121 3719 eis
1144 3669 1305 3720 assereret
1330 3670 1363 3719 et
1386 3657 1518 3729 diceret,
1551 3657 1639 3737 quod
1664 3657 1694 3716 in
1719 3655 1838 3726 hostia,
1871 3675 1967 3735 quam

415 3761 569 3824 sacerdos
593 3761 707 3832 elevat,
733 3781 797 3824 non
822 3763 863 3824 sit
888 3761 1011 3826 Cristus
1035 3783 1138 3834 verus,
1163 3766 1221 3826 sed
1247 3765 1337 3842 panis
1363 3784 1475 3844 purus;
1508 3777 1540 3826 et
1565 3762 1694 3824 dicebat
1718 3764 1861 3843 insuper:
1887 3761 1969 3825 Sunt

416 3869 507 3932 multi
531 3869 665 3932 heretici
688 3881 722 3934 et
746 3889 810 3950 ego
834 3889 904 3934 sum
930 3890 1012 3932 unus
1036 3871 1077 3932 de
1101 3874 1156 3934 eis.

630 4059 668 4124 A.
701 4061 789 4144 1506,
814 4061 938 4143 Aprilis
962 4080 1013 4138 20,
1038 4065 1069 4126 in
1093 4063 1194 4128 Ploclt
1217 4067 1248 4126 in
1275 4066 1359 4127 curia
1385 4063 1574 4146 episcopali.

524 4183 615 4256 245.
646 4187 745 4266 (Acta
768 4190 865 4268 episc.
890 4189 995 4270 VII)..
1028 4191 1161 4253 Rmus..
1187 4191 1271 4254 dnus
1294 4189 1450 4254 Erasmus
1483 4189 1520 4250 D.
1546 4210 1576 4269 g.
1601 4193 1778 4270 episcopus
1803 4186 1968 4249 Plocensis

416 4293 591 4358 honestum
617 4293 759 4358 Blasium
784 4295 825 4358 de
844 4293 935 4376 Gory
961 4317 1020 4377 pro
1044 4296 1146 4360 stallis
1170 4301 1200 4358 in
1218 4299 1355 4360 ecclesia
1382 4297 1528 4360 Plocensi
1554 4317 1644 4358 more
1668 4297 1802 4358 aliorum
1828 4297 1969 4376 priorum

417 4399 612 4464 fabricandis
636 4414 668 4464 et
694 4401 900 4465 elaborandis
922 4405 1131 4486 appreciavit‚
1162 4406 1319 4468 conduxit
1343 4417 1376 4468 et
1401 4406 1567 4475 convenit,
1600 4405 1654 4484 qui
1679 4425 1698 4466 a
1721 4403 1816 4466 stallo
1842 4422 1971 4482 quoque

418 4505 577 4570 fabricato
608 4519 641 4570 et
665 4507 835 4572 elaborato
859 4521 910 4573 est
934 4521 1123 4594 recepturus
1150 4511 1191 4574 lll
1217 4513 1362 4582 ducatos.
1394 4513 1435 4574 ad
1461 4511 1548 4591 quod
1581 4533 1616 4574 se
1645 4513 1804 4574 summisit
1837 4521 1870 4572 et
1895 4509 1972 4570 obli·

417 4616 506 4696 gavit
529 4633 568 4676 ac
593 4615 633 4677 ad
657 4626 730 4678 acta
754 4619 923 4698 presencia
947 4593 1075 4681 inscribi
1101 4619 1201 4680 voluit
1226 4631 1259 4681 et
1283 4618 1469 4698 postulavit.

634 4807 675 4870 A.
705 4811 796 4890 1506,
820 4809 945 4892 Aprilis
971 4825 1021 4891 25,
1046 4815 1076 4872 ln
1104 4811 1204 4874 Ptoct
1229 4813 1259 4872 in
1285 4813 1370 4874 curia
1395 4810 1583 4892 episcopali.

526 4928 616 4998 246.
648 4931 748 5013 (Acta
772 4937 870 5015 episc.
894 4935 1000 5016 VII)..
1033 4935 1222 5000 Conductus
1247 4947 1297 4999 est
1331 4937 1491 4998 Iohannes
1521 4947 1666 4998 murator
1690 4935 1731 4996 de
1758 4933 1896 5016 Kyczlty
1929 4951 1971 4996 ex

419 5041 600 5104 Franconia
624 5061 682 5122 per
699 5039 851 5118 Rmum„
877 5044 975 5105 dnum
1003 5043 1170 5106 Erasmum
1189 5047 1382 5124 episcopum
1401 5043 1590 5104 Plocensem
1610 5064 1669 5123 pro
1686 5039 1865 5104 edincanda
1882 5060 1972 5102 muro

418 5159 451 5211 et
476 5147 665 5210 testitudIne
697 5147 822 5231 capella
854 5170 878 5211 s.
903 5149 1029 5213 Erasmi
1054 5152 1083 5210 in
1111 5151 1248 5214 ecclesia
1279 5150 1439 5212 Plocensi.
1468 5151 1689 5212 continuando
1722 5159 1755 5209 et
1779 5146 1974 5228 adaquando

420 5257 524 5336 primo
549 5255 657 5318 hostio
682 5255 865 5318 intransitu
890 5259 933 5320 ad
949 5257 1119 5320 ecclesiam
1145 5271 1178 5320 et
1196 5278 1297 5338 parva
1321 5258 1467 5318 sacristia
1492 5257 1592 5317 eciam
1618 5256 1852 5326 testitudinata‚
1878 5263 1973 5334 prout

419 5361 629 5428 fundamenta
653 5363 932 5440 demonstrabunt,
958 5364 1107 5428 iaciendo
1125 5367 1205 5426 circa
1225 5365 1290 5425 duo
1307 5362 1408 5424 latera
1433 5363 1576 5424 eiusdem
1601 5362 1727 5442 capelle
1750 5359 1879 5440 scaytlty
1902 5379 1973 5422 cum

419 5471 517 5532 armis
549 5471 623 5532 Rmi
648 5469 769 5532 domini
801 5481 834 5531 et
858 5472 942 5533 intra
973 5471 1131 5552 capellam
1165 5472 1230 5533 duo
1254 5491 1343 5531 arma
1375 5489 1446 5530 cum
1472 5467 1586 5541 insulis,
1621 5467 1714 5530 lactet
1747 5469 1849 5529 eciam
1881 5485 1974 5528 arcus

419 5577 618 5644 testitudinis
649 5598 689 5640 ex
716 5575 821 5660 lapide
854 5579 1015 5658 quadrato
1047 5579 1127 5642 alias
1159 5575 1302 5644 naturali.
1335 5595 1443 5656 aquo
1470 5577 1580 5638 labore
1613 5585 1806 5655 accepturus
1835 5585 1885 5636 est
1910 5573 1974 5634 XX

419 5705 604 5765 sexagenas
636 5685 667 5748 in
692 5683 805 5746 mediis
835 5705 882 5768 gr.
915 5705 978 5766 que
1003 5687 1165 5749 dabuntur
1196 5685 1256 5746 sibi
1281 5685 1473 5746 successive:
1507 5681 1620 5744 decem
1653 5680 1776 5744 scilicet
1808 5677 1973 5761 usquead
