4392 6672
812 633 990 690 nunonun
1012 635 1108 692 1472-
1118 635 1196 694 wis.
1740 659 1779 726 37

228 727 330 734 ——w
337 727 935 737 m———ss—q—m—
942 731 1001 737 ..-—
1014 732 1371 741 ....-—.——-——-......-..-—

227 837 408 922 tenebatur,
433 846 600 910 reialcavit
623 862 656 911 et
675 851 836 930 pepercit;
859 847 912 932 qui
930 847 1109 914 Stanislaus
1133 853 1276 914 nondum
1302 849 1430 916 labores
1453 857 1612 934 scripture
1636 855 1781 936 predicte

228 955 413 1034 complevit,
445 973 505 1016 nec
528 955 694 1036 complere
717 966 815 1032 curat,
848 969 965 1037 petens
988 958 1094 1039 ipsum
1118 958 1269 1039 compelli
1294 961 1334 1022 ad
1359 960 1575 1041 complendos
1599 964 1780 1025 huiusmodi

228 1063 386 1143 scripture
411 1060 548 1124 labores.
583 1061 632 1122 Ex
657 1063 797 1126 adverso
820 1063 1000 1127 Stanislaus
1024 1065 1205 1128 huiusmodi
1232 1069 1451 1148 proposicioni
1474 1087 1531 1130 sue
1556 1071 1780 1133 reconvencio·

229 1169 290 1230 nali
315 1167 546 1248 respondendo
578 1170 710 1250 negavit
742 1182 874 1251 pactum
906 1183 940 1233 et
963 1169 1068 1234 sorum
1102 1171 1198 1236 luisse
1230 1175 1395 1235 intereos
1426 1185 1638 1250 contractum,
1670 1178 1782 1239 dicens

228 1273 411 1338 huiusmodi
447 1276 606 1338 decimam
638 1276 698 1338 sibi
722 1276 821 1340 fuisse
852 1297 911 1358 per
935 1281 1040 1359 ipsum
1075 1278 1240 1340 dominum
1274 1281 1449 1361 plebanum
1485 1282 1614 1344 racione
1646 1283 1780 1346 aliorum

228 1383 436 1444 serviciorurn
461 1381 581 1454 datam,
605 1382 756 1446 deserens
780 1386 961 1446 iuramento
985 1385 1062 1448 dicti
1086 1387 1140 1448 dni
1158 1386 1298 1466 plebani,
1322 1388 1411 1467 quod
1427 1389 1558 1450 racione
1581 1387 1667 1452 dicte
1684 1393 1781 1472 scrip·

228 1501 300 1554 ture
325 1489 484 1551 decimam
509 1491 691 1570 predictam
715 1491 776 1554 sibi
800 1491 952 1554 dedisset.
977 1491 1053 1571 Quo
1070 1493 1173 1554 iurare
1189 1493 1319 1556 volente
1335 1495 1441 1556 dictus
1457 1491 1637 1558 Stanislaus
1661 1497 1782 1560 dimisit

229 1597 334 1660 eidem
350 1597 574 1668 iuramentum,
591 1607 624 1660 et
640 1599 724 1662 dnus
741 1597 873 1662 Electus
890 1619 933 1662 ex
946 1601 1129 1662 iuramento
1145 1597 1256 1662 delato
1272 1609 1305 1662 et
1317 1601 1452 1663 dimisso
1470 1621 1529 1682 per
1545 1621 1638 1664 suam
1654 1613 1780 1666 senten·

227 1704 310 1763 ciam
327 1703 583 1782 condempnavit
600 1706 740 1767 eundem
758 1703 954 1767 Stanislaum
969 1706 1009 1767 ad
1023 1703 1252 1787 complendum
1271 1707 1399 1770 labores
1416 1709 1575 1788 scripture
1588 1710 1781 1789 predictos..

442 1895 483 1960 A.
514 1913 605 1978 1472,
630 1897 826 1960 Novembris
855 1913 879 1972 1,
904 1899 934 1960 in
960 1895 1130 1961 Poltowslr
1154 1900 1186 1960 in
1210 1900 1296 1960 curia
1322 1901 1509 1982 episcopali.

337 2015 424 2085 100.
457 2019 555 2101 (Acta
579 2023 677 2102 episc.
702 2017 787 2102 llll..
824 2020 981 2084 Testes
1009 2023 1133 2103 recepti
1165 2041 1263 2103 super
1286 2025 1450 2088 occisione
1474 2027 1604 2088 discreti
1629 2024 1780 2088 Stanislai

225 2125 334 2188 vicarii
360 2129 390 2188 in
415 2125 648 2210 Gromadzyno
672 2139 706 2192 et
730 2127 876 2191 occisore
899 2129 1045 2191 eiusdem
1069 2129 1159 2192 citati
1183 2130 1289 2190 iurati:

334 2233 495 2298 Primus
519 2238 612 2300 testis
636 2235 749 2298 honor.
775 2233 956 2300 Stanislaus
979 2245 1087 2298 rector
1110 2236 1247 2299 ecclesie
1272 2225 1466 2317 parochialis
1490 2239 1520 2300 in
1539 2236 1779 2322 Gromadzyno‚

226 2343 315 2406 cuius
340 2341 399 2404 luit
422 2341 569 2424 prelatus
593 2341 774 2406 Stanislaus
798 2343 960 2424 presbiter
976 2343 1103 2405 occisus
1121 2344 1291 2404 vicarius..
1316 2343 1477 2424 deposuit.
1503 2345 1590 2424 quod
1608 2364 1694 2406 antro
1712 2365 1780 2425 pre·

226 2450 308 2510 senti
334 2449 387 2510 die
410 2446 575 2510 dominico
599 2459 675 2512 ante
700 2449 727 2510 ll
752 2452 954 2531 septimanas
978 2469 1072 2530 prox.
1096 2459 1262 2511 transacto
1286 2449 1371 2512 idem
1397 2449 1587 2526 Stanislaus,
1622 2449 1780 2532 plebanus

226 2557 258 2616 in
283 2551 526 2636 Gromadzyn0,
557 2575 631 2618 cum
656 2558 743 2619 dicto
766 2555 940 2628 Stanislao,
972 2559 1093 2618 vicario
1117 2577 1186 2628 suo,
1218 2557 1251 2618 in
1275 2559 1341 2618 suis
1365 2557 1509 2638 negociis
1540 2559 1582 2619 ad
1607 2556 1779 2638 plebanum

226 2663 257 2723 in
282 2661 542 2742 Wyrabowyecz
573 2661 797 2739 descenderat,
834 2681 899 2744 quo
924 2665 1056 2724 domum
1091 2662 1257 2732 redeunte,
1292 2662 1399 2725 dictus
1431 2661 1613 2726 Stanislaus
1644 2665 1780 2726 vicarius

226 2768 344 2831 ibidem
370 2767 574 2850 relinquerat,
607 2771 660 2850 qui
685 2783 801 2851 postea
825 2772 890 2832 suis
914 2771 1082 2852 dispositis
1113 2771 1258 2852 negociis
1288 2771 1319 2832 in
1343 2771 1477 2832 domum
1509 2791 1600 2833 suam
1634 2791 1780 2833 remeans

225 2877 257 2938 in
279 2875 385 2940 villam
416 2875 636 2956 Brzesznycza
668 2883 701 2939 et
732 2879 763 2937 in
788 2877 921 2938 domum
954 2875 1077 2938 Mathie
1109 2874 1320 2958 Schepyolak
1352 2875 1548 2956 kmethonis,
1581 2877 1634 2939 ubi
1666 2879 1781 2959 nupcie

225 2983 380 3046 celebrari
405 2984 595 3056 debuerunt,
627 2984 850 3056 descenderat,
882 2984 937 3046 ubi
959 2983 1037 3046 data
1062 2982 1122 3045 suit
1146 2984 1205 3045 sibi
1229 2993 1315 3046 torta
1340 3003 1412 3044 cum
1438 2985 1588 3046 carnibus
1612 2996 1647 3048 et
1670 2985 1781 3068 lingua

226 3091 359 3168 bovina3
391 3109 456 3171 quo
480 3093 543 3153 iter
566 3107 659 3153 suum
683 3093 714 3152 in
740 3089 971 3173 Gromadzyno
995 3093 1206 3154 continuante
1231 3091 1391 3153 Martinus
1414 3089 1558 3172 Kyenka
1588 3093 1629 3153 de
1654 3091 1780 3154 Brzesz·

225 3218 333 3279 nycza,
358 3197 517 3260 Martinus
541 3197 581 3259 de
605 3197 773 3278 Strobyno
804 3195 883 3260 alias
908 3198 1025 3279 Bystri,
1057 3197 1219 3260 Iohannes
1245 3195 1403 3260 Sulantha
1427 3199 1469 3260 de
1493 3195 1623 3272 Zelona,
1648 3199 1778 3280 quidam

224 3304 305 3366 alius
329 3305 436 3367 dictus
461 3303 558 3368 Closz
582 3307 844 3387 consanguineus
868 3305 998 3366 Martini
1021 3303 1165 3388 Kyenlra
1190 3303 1362 3386 solivagus,
1395 3307 1536 3367 nescitur
1559 3307 1645 3367 unde
1670 3307 1720 3378 sit,
1749 3305 1780 3366 in

226 3412 365 3492 quadam
398 3412 499 3474 domo
523 3411 654 3474 deserta
685 3409 758 3473 ville
792 3413 940 3492 predicte
968 3409 1198 3474 custodiebant
1232 3413 1388 3474 convivas
1420 3409 1499 3473 alias
1522 3411 1690 3484 swntlrmv,
1726 3414 1778 3494 qui

225 3515 376 3580 seminam
410 3529 542 3599 portare
573 3517 755 3580 debuerunt
787 3521 969 3581 maritatam
1004 3525 1131 3580 noviter
1163 3519 1203 3580 ad
1228 3519 1349 3582 dictum
1375 3515 1532 3580 lllathiam
1557 3517 1781 3600 Schepyolak3

225 3623 354 3706 prelato
378 3622 541 3686 Stanislao
564 3627 684 3688 vicario
709 3628 780 3688 viso
804 3637 924 3689 tortam
951 3637 1103 3704 portante
1135 3628 1314 3705 predictam
1339 3625 1400 3687 sibi
1424 3626 1589 3697 donatam,
1621 3627 1780 3688 irruerunt

224 3733 255 3792 in
279 3745 353 3793 eum
378 3732 535 3794 dicentes:
560 3733 618 3794 des
633 3733 729 3794 nobis
751 3745 887 3810 tortam;
912 3753 977 3814 quo
994 3733 1072 3796 dare
1089 3733 1222 3795 nolente
1246 3745 1476 3814 percusserunt
1492 3735 1631 3795 eundem
1650 3732 1779 3804 baculis

225 3839 344 3900 lanceis
368 3839 441 3919 ipso
465 3849 558 3901 extra
583 3839 693 3900 villam
719 3843 852 3918 emisso;
877 3859 942 3922 quo
967 3843 1012 3902 sic
1032 3859 1189 3921 percusso
1213 3851 1408 3921 receperunt
1432 3839 1537 3900 eidem
1562 3851 1682 3902 tortam
1706 3859 1778 3902 cum

224 3945 301 4021 aliis,
327 3963 390 4025 que
414 3943 566 4007 habebat.
591 3944 656 4026 Qui
680 3948 817 4009 vicarius
841 3947 893 4009 dle
918 3949 1058 4009 crastina
1081 3945 1122 4008 de
1140 3964 1236 4008 mane
1259 3947 1410 4008 inventus
1434 3958 1484 4008 cst
1510 3965 1690 4026 percussus„
1715 3945 1779 4008 vul-

224 4063 356 4114 neratus
380 4053 486 4116 adhuc
510 4056 739 4134 supervivente
756 4055 805 4134 (s),
834 4073 931 4136 quem
956 4055 1126 4135 deponens
1142 4054 1252 4116 audita
1268 4073 1327 4116 sua
1352 4055 1562 4132 percussione
1587 4073 1660 4114 curn
1685 4072 1778 4116 curru

224 4160 358 4222 veniens
381 4160 522 4222 eundem
548 4161 671 4242 recepit
703 4162 758 4223 vix
783 4164 970 4242 spirantem.
1009 4162 1091 4224 ltem
1115 4159 1285 4240 deponens
1317 4159 1408 4232 dixit,
1442 4161 1530 4241 quod
1554 4161 1722 4240 percussio
1745 4171 1778 4222 et

225 4267 345 4329 occisio
370 4269 517 4349 predicta
542 4267 627 4331 sacta
653 4267 710 4330 luit
734 4287 809 4330 sero
832 4270 864 4329 in
889 4279 1000 4342 nocte;
1032 4285 1096 4328 non
1121 4267 1179 4328 fuit
1203 4267 1292 4329 solus
1323 4269 1409 4328 circa
1433 4267 1686 4352 percussionem,
1720 4267 1778 4330 sed

223 4373 347 4435 audivit
370 4394 389 4436 a
414 4375 525 4454 probis
548 4376 632 4448 viris,
657 4373 745 4454 quod
770 4375 946 4456 supradicti
970 4373 1109 4436 eundem
1134 4374 1332 4446 occiderunt,
1356 4373 1468 4436 dicens
1484 4393 1688 4436 communem
1706 4393 1778 4436 esse

224 4479 344 4542 famam
369 4481 410 4543 de
434 4482 498 4542 isto
522 4479 608 4562 apud
633 4481 818 4564 vulgares..

436 4672 477 4734 A.
508 4687 597 4752 1473,
623 4671 699 4734 Maii
725 4689 752 4752 3,
776 4675 808 4734 in
833 4672 1000 4736 Poltowslr
1025 4675 1056 4734 in
1081 4674 1197 4736 sinodo
1222 4674 1406 4734 diocesana.

332 4791 418 4862 llll.
443 4795 545 4876 (Acta
568 4799 667 4878 episc.
692 4797 778 4878 llll..
810 4797 930 4859 Rmo..
962 4798 1028 4859 dno
1061 4795 1225 4859 Kaaimiro
1243 4797 1280 4859 D.
1307 4817 1337 4877 g.
1362 4798 1471 4859 electo
1495 4797 1643 4860 Plocensi
1667 4798 1778 4859 confir·

223 4915 313 4965 mato
337 4904 419 4966 duce
445 4905 600 4974 Maaovie.
633 4903 751 4968 Russie
775 4915 835 4966 etc.
868 4914 1192 4966 sacrosanctam
1224 4905 1431 4984 synodum
1465 4906 1496 4964 in
1525 4903 1662 4966 ecclesia
1686 4902 1778 4966 colle·

222 5011 307 5091 giata
332 5009 553 5074 Polthoviensi
577 5033 600 5074 s.
627 5011 728 5074 Marie
752 5029 812 5092 pro
836 5011 980 5073 moribus
1012 5012 1044 5072 in
1067 5011 1156 5073 clero
1180 5021 1212 5073 et
1237 5011 1361 5091 populo
1384 5010 1599 5073 reformandis
1624 5012 1777 5091 viciisque

222 5115 424 5198 extirpandis
448 5116 670 5198 sollempniter
694 5118 886 5192 celebrante,
911 5117 997 5178 datis
1021 5137 1078 5198 per
1103 5116 1242 5180 eundem
1260 5117 1425 5196 deputatis
1442 5129 1474 5179 et
1492 5118 1606 5179 locatis
1622 5117 1778 5180 iudicibus

221 5224 432 5304 synodalibus
457 5245 517 5306 pro
541 5226 666 5286 iusticia
690 5227 839 5304 cuiquam
864 5226 1077 5304 conquerenti
1099 5225 1319 5296 ministranda,
1342 5225 1502 5286 discretus
1519 5223 1655 5286 lacobus
1672 5235 1778 5287 rector

222 5329 358 5392 ecclesie
383 5331 576 5410 parochialis
600 5334 631 5391 in
658 5330 841 5394 Drosdowo
865 5350 973 5393 coram
1000 5329 1127 5410 prelato
1160 5332 1247 5393 Rmo
1275 5343 1369 5412 patre
1391 5331 1616 5411 iudicibusque
1640 5334 1775 5412 synoda-

223 5436 304 5500 libus
328 5449 405 5500 tunc
430 5437 460 5499 ln
485 5439 573 5500 dicta
596 5459 687 5500 sacra
719 5440 848 5517 synodo
881 5439 1118 5519 presidentibus
1146 5450 1259 5500 contra
1292 5451 1325 5500 et
1348 5438 1506 5500 adversus
1539 5438 1650 5499 honor.
1675 5439 1777 5500 Mecz·

225 5542 326 5606 slaum
351 5543 393 5605 de
417 5543 596 5625 Pycncyno
623 5557 785 5605 rectorem
810 5545 945 5606 ecclesie
973 5543 1167 5625 parochialis
1191 5545 1221 5604 in
1249 5544 1374 5627 Wysna
1399 5546 1579 5625 proposuit,
1611 5546 1777 5624 quomodo

226 5652 331 5732 ipsam
356 5649 526 5714 ecclesiam
551 5671 642 5713 suain
668 5652 848 5731 predictam
873 5653 904 5714 in
930 5651 1118 5714 Drosdowo
1148 5650 1365 5733 parochialem
1391 5651 1432 5712 de
1456 5661 1490 5713 et
1513 5671 1611 5732 super
1634 5653 1701 5714 iure
1724 5673 1777 5734 pa·
