4458 6674
397 663 437 730 82
872 665 967 716 ACTA
986 663 1108 716 IUDlCll
1127 662 1264 716 ECCLES.
1283 661 1473 714 PLOCENSIS

395 880 477 942 Item
502 882 721 962 interrogatus
743 867 785 942 de
803 878 983 942 sobrietate
1008 875 1146 960 plebani,
1171 877 1260 952 dixit,
1286 878 1375 959 quod
1392 879 1562 940 excessive
1585 877 1762 942 inebriatur
1785 887 1818 941 et
1834 897 1878 942 ex
1894 877 1949 940 tali

395 988 611 1050 inebriacione
635 997 795 1068 provocat
816 985 967 1049 homines
984 985 1024 1046 ad
1042 1004 1186 1067 pugnam
1211 986 1300 1048 etad
1318 983 1474 1060 duellum;
1497 1004 1627 1046 causam
1645 985 1785 1048 sciencie
1802 986 1949 1055 reddens,

396 1095 471 1175 quia
495 1093 637 1176 quodam
662 1105 812 1176 tempore
837 1113 909 1154 cum
934 1112 1044 1154 secum
1070 1091 1183 1156 fuisset
1206 1095 1237 1154 in
1262 1091 1475 1154 Polthowsko
1499 1095 1531 1154 in
1555 1092 1702 1173 hospicio
1727 1091 1862 1156 Andree
1886 1111 1949 1154 sar·

395 1204 485 1274 toris,
507 1201 697 1284 provocavit
713 1199 877 1283 hospitem
902 1199 1009 1262 ebrius
1032 1199 1074 1262 ad
1090 1217 1200 1262 secum
1225 1199 1489 1275 concertandum,
1514 1209 1547 1260 et
1571 1219 1612 1260 ex
1629 1199 1684 1260 tali
1701 1201 1949 1262 concertacione

395 1311 537 1372 irritatus
560 1307 682 1388 hospes
698 1306 800 1370 voluit
816 1308 922 1387 ipsum
940 1307 1140 1388 percussisse
1163 1317 1196 1367 et
1212 1310 1434 1386 percussisset,
1460 1306 1518 1368 nisi
1543 1304 1655 1369 fuisset
1678 1307 1773 1369 testis
1788 1306 1949 1369 adiutorio

397 1417 548 1479 munitus.
572 1415 649 1478 Alia
672 1415 783 1490 nescit,
808 1413 911 1476 solum
936 1413 999 1475 hoc
1023 1412 1153 1488 audivit,
1178 1415 1267 1494 quod
1291 1415 1369 1476 dum
1394 1413 1506 1476 luisset
1531 1415 1692 1495 plebanus
1716 1415 1748 1476 in
1764 1415 1864 1476 domo
1881 1433 1950 1495 ger-

396 1525 483 1586 mani
499 1524 547 1586 sui
562 1522 697 1586 Andree
715 1523 745 1584 in
765 1521 900 1603 Granky
918 1523 1081 1593 invitatus,
1105 1521 1305 1583 ascendebat
1322 1541 1454 1602 equum,
1477 1530 1514 1582 ut
1530 1523 1623 1584 testis
1648 1522 1770 1603 primus
1787 1521 1949 1602 deposuit,

395 1633 436 1694 ad
460 1633 549 1694 cuius
573 1629 695 1693 dictum
720 1651 755 1693 se
778 1631 875 1692 testis
899 1627 1014 1702 retulit,
1046 1629 1120 1710 quia
1145 1627 1316 1690 affirmavit
1347 1630 1453 1710 ipsum
1478 1627 1575 1690 fuisse
1598 1639 1676 1690 tunc
1699 1631 1858 1709 temporis
1882 1648 1950 1710 pre·

395 1750 535 1817 sentem;
560 1739 622 1801 alia
645 1758 710 1800 non
734 1737 920 1820 deposuit..

608 1931 651 1996 A.
680 1947 772 2013 1501,
796 1929 939 2012 Augusti
965 1947 1014 2010 30,
1038 1931 1070 1991 in
1094 1930 1182 1992 curia
1205 1928 1392 2012 episcopali.

502 2051 594 2123 203.
625 2055 724 2138 (Acta
747 2058 845 2138 episc.
869 2055 954 2138 Ia)..
986 2055 1175 2118 Testes..
1208 2077 1250 2118 ex
1273 2055 1381 2118 officio
1413 2055 1489 2117 Rmi
1520 2057 1575 2117 dni
1606 2055 1753 2137 episcopi
1785 2055 1949 2118 Plocensis

395 2175 510 2227 contra
533 2162 720 2239 Iohannem,
745 2163 919 2244 plebanum
944 2165 976 2224 in
992 2161 1138 2236 Clukow,
1163 2181 1262 2244 super
1285 2163 1524 2226 incontinencia
1547 2184 1585 2226 ac
1603 2163 1836 2226 observacione
1861 2161 1949 2224 inho-

395 2283 561 2336 nestarum
586 2271 754 2335 mulierum
780 2281 840 2333 etc.
864 2271 996 2332 inducti:

502 2378 664 2440 Primus
695 2380 788 2442 testis
813 2377 974 2440 lohannes
1005 2377 1261 2459 Dzyerskovycz
1292 2379 1334 2441 de
1358 2377 1527 2442 Clukow..
1559 2381 1777 2459 interrogatus
1809 2380 1851 2442 de
1875 2378 1949 2452 vita,

396 2485 540 2550 moribus
564 2497 597 2548 et
620 2486 874 2548 conversacione
898 2483 1029 2566 plebani
1053 2484 1205 2548 Iohannis
1236 2487 1268 2547 in
1293 2485 1429 2550 Clukow
1463 2499 1496 2548 et
1520 2487 1624 2568 primo
1648 2487 1689 2547 de
1713 2487 1950 2548 incontinencia

396 2591 527 2674 plebani
551 2593 751 2676 respondit..
775 2595 880 2673 ipsum
898 2595 929 2654 in
946 2593 1097 2655 omnibus
1120 2594 1386 2666 incontinentem,
1410 2595 1510 2656 immo
1527 2604 1631 2657 totam
1654 2594 1840 2675 parochiam
1859 2613 1950 2656 suam

396 2699 679 2771 scandalizantem,
710 2719 785 2762 nam
808 2702 880 2780 ipse
904 2699 1062 2780 plebanus
1072 2749 1195 2762 ........
1220 2721 1316 2762 unam
1341 2701 1506 2764 mulierem
1538 2703 1680 2776 Annam,
1714 2701 1810 2764 filiam
1835 2699 1951 2763 nobilis

396 2806 523 2872 Stefani
547 2805 735 2870 Clukowski
758 2819 892 2888 neptem
916 2827 1007 2870 suam
1018 2855 1141 2872 ........
1166 2809 1216 2869 vel
1242 2807 1339 2889 paulo
1363 2809 1604 2884 remotioribus,
1636 2829 1709 2870 cum
1735 2829 1799 2889 qua
1822 2808 1951 2871 cohabi-

396 2917 484 2990 tavit,
516 2924 549 2978 et
574 2926 691 2994 postea
714 2915 842 2978 cuidam
866 2915 1003 2978 Nicolao
1028 2915 1100 2999 [civi
1125 2911 1177 3000 de]
1211 2915 1400 2978 Polthowsk
1424 2935 1496 2977 eam
1527 2916 1559 2978 in
1584 2935 1720 2980 uxorem
1745 2915 1885 2988 tradidit,
1918 2925 1951 2976 et

398 3031 567 3104 postremo
598 3043 671 3086 eam
696 3043 716 3084 a
739 3025 856 3085 marito
880 3023 1081 3106 recipie[ndo
1105 3020 1233 3108 eideml,
1266 3033 1300 3085 ut
1325 3025 1527 3105 presumitur,
1559 3024 1651 3085 salvo
1682 3035 1793 3086 tamen
1825 3022 1951 3102 pudore

397 3129 581 3202 concubuit,
617 3139 650 3192 et
673 3128 737 3192 hoc
767 3132 799 3192 in
823 3133 980 3194 maiorem
1016 3132 1215 3194 evidenciam
1226 3180 1347 3194 ........
1358 3131 1380 3214 ¹)
1415 3133 1489 3212 quia
1520 3132 1597 3194 dum
1629 3151 1702 3193 curn
1726 3129 1788 3192 alia
1819 3130 1951 3192 muliere

397 3237 540 3320 Hedvigi
564 3239 666 3300 eciam
691 3238 782 3318 nepti
807 3249 873 3304 sua.
897 3241 942 3300 ita
966 3248 1001 3302 ut
1025 3249 1058 3302 et
1083 3240 1229 3319 predicta
1252 3237 1352 3300 Anna
1376 3251 1511 3314 remota,
1535 3240 1566 3300 in
1583 3239 1683 3300 domo
1707 3258 1766 3300 sua
1791 3236 1951 3316 plebanali

397 3347 555 3426 superiori
579 3346 697 3407 iamin
722 3345 913 3426 crepusculo
937 3344 956 3406 i.
973 3345 1043 3408 Vr·
1065 3355 1141 3427 post
1167 3345 1283 3408 festum
1309 3367 1333 3408 s.
1351 3345 1560 3426 Margarethe
1581 3341 1640 3431 [se]
1658 3345 1826 3408 clausisset
1850 3355 1892 3418 et,
1917 3353 1952 3406 ut

398 3453 603 3534 presumitur,
627 3453 856 3529 cohabitasset,
881 3451 1007 3534 prelata
1024 3453 1123 3516 Anna
1146 3455 1188 3516 de
1204 3455 1259 3515 tali
1284 3451 1371 3516 lacto
1395 3455 1512 3516 rescita
1536 3455 1655 3516 invidia
1679 3475 1717 3516 ac
1733 3452 1841 3516 furore
1864 3463 1951 3515 tacta

397 3561 508 3624 clauso
533 3571 670 3643 utroque
701 3563 732 3622 in
756 3561 856 3622 domo
881 3559 1008 3642 prelata
1040 3561 1198 3642 superiori
1222 3561 1351 3641 publice
1383 3561 1608 3641 proclamabat
1638 3573 1754 3624 contra
1778 3560 1950 3640 plebanum

399 3678 556 3749 tanquam
580 3688 679 3750 super
701 3667 903 3743 violatorem,
928 3668 972 3731 ita
989 3667 1078 3748 quod
1093 3667 1214 3730 exinde
1239 3687 1376 3747 magnus
1399 3689 1576 3731 concursus
1600 3667 1766 3730 hominurn
1790 3679 1868 3740 erat,
1893 3665 1950 3730 sed

396 3775 468 3856 ipse
492 3775 586 3838 testis
616 3795 636 3836 a
659 3775 791 3856 sepibus
823 3773 939 3837 domus
972 3774 1152 3856 plebanalis
1183 3773 1348 3837 intellecta
1379 3777 1546 3857 posicione
1570 3777 1615 3838 rei
1647 3793 1796 3837 reversus
1827 3783 1897 3836 erat
1920 3776 1951 3834 in

397 3883 531 3945 domum
555 3883 730 3964 propriam.
754 3881 836 3945 Item
861 3883 948 3944 idem
973 3883 1066 3946 testis
1090 3884 1181 3963 dixit,
1206 3883 1294 3963 quod
1319 3903 1361 3944 ex
1386 3882 1472 3946 lama
1495 3884 1626 3964 audivit,
1650 3883 1724 3964 quia
1747 3883 1818 3962 ipse
1842 3881 1951 3962 pleba-

397 4007 457 4050 nus
481 3988 697 4052 conveniebat
721 3989 847 4070 aliquos
871 3987 912 4051 ad
936 3988 1192 4052 interficiendum
1217 3991 1366 4052 maritum
1393 3991 1538 4070 predicte
1562 3989 1674 4068 Anne;
1698 4001 1731 4054 et
1755 3989 1858 4050 fuerat
1882 4009 1952 4068 pre-

398 4115 481 4168 sens,
506 4097 637 4175 quando
661 4097 842 4175 predictum
868 4098 1016 4158 maritum
1041 4099 1141 4177 ipsius
1157 4095 1255 4159 Anne
1280 4097 1458 4160 tradiderat
1482 4098 1710 4169 iusticionario,
1734 4097 1813 4158 alias
1828 4109 1951 4176 oprarv·

397 4223 461 4280 cry,
496 4201 693 4284 inculpando
724 4223 798 4266 eurn
831 4223 891 4284 pro
924 4203 1019 4281 furto,
1054 4214 1089 4266 ut
1112 4217 1270 4285 speratur,
1306 4207 1396 4284 quod
1427 4205 1548 4268 habeat
1583 4205 1716 4266 liberam
1752 4205 1951 4265 nominatam

398 4310 531 4372 Annam
555 4321 617 4372 etc.

506 4414 726 4480 Secundus
757 4419 851 4480 testis
882 4417 997 4480 nobilis
1028 4417 1187 4480 Albertus
1219 4417 1318 4480 Falco
1350 4419 1390 4480 de
1424 4418 1594 4482 Clukow..
1628 4420 1877 4500 interrogatus..
1910 4417 1952 4478 de

399 4525 827 4605 consanguineitateAnne
858 4544 932 4586 cum
956 4524 1098 4607 plebano
1129 4527 1299 4607 respondit
1329 4526 1390 4588 sibi
1414 4547 1487 4588 esse
1511 4538 1644 4606 neptem
1676 4527 1707 4588 in
1732 4525 1877 4588 secundo
1900 4523 1952 4586 vel

398 4633 500 4693 tercio
523 4631 625 4712 gradu
649 4641 720 4704 etc,
744 4632 962 4712 interrogatus
987 4633 1028 4695 de
1045 4632 1216 4696 inhonesta
1241 4635 1410 4695 mansione
1433 4632 1561 4714 plebani
1586 4653 1658 4696 curn
1683 4632 1782 4695 Anna
1806 4631 1953 4714 predicta

399 4739 569 4818 respondit
600 4741 694 4804 testis
718 4759 753 4801 se
777 4739 879 4802 oculis
903 4742 1043 4822 propriis
1075 4761 1139 4803 non
1163 4742 1292 4814 vidisse,
1323 4743 1381 4804 sed
1413 4762 1455 4804 ex
1482 4743 1645 4804 communi
1669 4741 1755 4804 lama
1784 4741 1951 4803 hominum

399 4849 570 4927 sepissime
593 4847 722 4920 audivit,
747 4866 821 4908 narn
839 4859 1016 4928 antequam
1041 4849 1219 4910 tradiderat
1236 4869 1308 4911 earn
1326 4850 1448 4929 nuptui,
1473 4867 1582 4910 secum
1600 4849 1727 4928 publice
1744 4846 1952 4922 cohabitavit,

399 4965 433 5017 et
455 4953 516 5016 alia
550 4965 585 5016 ut
608 4956 731 5035 primus
762 4955 872 5017 retulit
896 4967 957 5016 etc.
997 4955 1080 5018 Item
1104 4957 1325 5036 interrogatus
1356 4957 1398 5018 de
1421 4956 1562 5036 Hedvigi
1596 4957 1699 5018 eciam
1731 4956 1822 5035 nepti
1852 4956 1952 5036 ipsius

399 5061 539 5143 plebani,
563 5061 733 5142 respondit
755 5063 850 5124 testis
874 5061 935 5122 sibi
959 5063 1020 5142 ipsi
1045 5083 1118 5125 esse
1142 5065 1243 5125 eciam
1269 5085 1456 5144 germanam
1482 5065 1616 5142 neptim,
1639 5081 1712 5124 curn
1737 5058 1825 5146 [qua]
1849 5065 1952 5124 eciam

399 5169 558 5250 plebanus
583 5169 736 5231 manebat
766 5169 854 5230 etin
880 5168 980 5230 domo
1003 5170 1164 5249 plebanali
1189 5169 1335 5244 fovebat,
1368 5173 1457 5232 cuius
1481 5189 1578 5232 causa
1602 5173 1673 5252 ipsa
1697 5169 1856 5251 Hedvigis
1879 5189 1951 5231 curn

400 5276 547 5356 predicta
569 5274 669 5339 Anna
693 5276 915 5339 dissensiones
939 5278 1021 5340 inter
1044 5299 1079 5340 se
1104 5277 1275 5352 faciebant,
1300 5291 1333 5342 et
1358 5278 1517 5342 clauserat
1534 5279 1633 5341 Anna
1649 5278 1826 5358 Hedvigim
1847 5275 1866 5340 l.
1882 5276 1953 5338 Vl‘⁸

400 5395 462 5446 etc.
486 5394 562 5464 post
588 5383 706 5447 festum
731 5405 755 5447 s.
773 5385 982 5466 Margarethe
1005 5383 1155 5448 faciendo
1179 5386 1339 5449 clamores
1363 5397 1425 5449 etc.
1450 5386 1673 5468 interrogatus
1696 5387 1838 5461 tandem,
1863 5386 1889 5448 si
1913 5383 1952 5446 N.

400 5488 527 5552 Colano
551 5493 700 5554 maritum
723 5489 823 5554 Anne
846 5492 1041 5554 reddidisset
1064 5493 1294 5574 iusticionario,
1317 5495 1485 5574 respondit
1509 5503 1647 5575 protunc
1671 5513 1737 5556 non
1762 5492 1859 5556 fuisse
1882 5511 1953 5573 pre·

400 5617 484 5673 sens,
508 5599 568 5661 sed
591 5599 643 5660 alii
667 5599 782 5662 fratres
806 5600 855 5662 sui
879 5599 1015 5672 fuerunt,
1040 5601 1094 5680 qui
1118 5600 1332 5681 personaliter
1355 5599 1540 5664 viderunt..

403 5705 474 5712 μ-

493 5707 527 5808 11)
546 5707 761 5806 laulripoc—lwdza
779 5757 792 5789 z
810 5741 979 5792 usalrodzenie
998 5741 1124 5808 rekopisu.
