4392 6672
1740 725 1806 732 —ss-
1823 725 1965 732 —.—-.-—

356 677 362 686 -
414 638 458 718 64
888 637 981 687 acra
1001 635 1125 688 rumen
1142 636 1281 688 accius.
1300 635 1487 686 PLOCENsls

415 849 577 912 veniendo
601 849 702 912 verbo
725 858 840 912 contra
855 847 1017 930 prefatum
1042 849 1139 910 dnum
1157 845 1400 930 Sigismundum
1419 847 1670 928 Czebnyewsky
1688 849 1868 928 proposuit,
1893 847 1967 926 quia

413 959 496 1020 dnus
519 954 744 1038 Sigismundus
768 953 1042 1036 Czyebnyewsky
1067 975 1153 1018 anno
1171 957 1313 1036 presenti
1337 972 1418 1032 1494
1436 955 1454 1018 f.
1471 953 1515 1016 lll
1532 955 1561 1016 d.
1578 953 1609 1035 (il
1626 955 1746 1016 mensis
1771 953 1967 1015 Novembris

415 1065 546 1126 veniens
570 1065 601 1123 in
618 1063 750 1124 domum
776 1073 809 1125 et
825 1065 945 1124 curiam
971 1061 1086 1142 prefati
1111 1061 1165 1124 dni
1183 1061 1305 1124 Mathie
1331 1061 1459 1142 plebani
1484 1064 1514 1122 in
1534 1061 1709 1142 Wangra„
1736 1063 1842 1142 ipsum
1867 1059 1965 1122 dnum

414 1171 605 1234 Mathiam..
631 1170 759 1250 publice
783 1168 994 1231 diffamavit..
1020 1181 1053 1229 et
1078 1167 1239 1230 vilificavit
1271 1169 1380 1230 dicens
1412 1179 1445 1230 et
1469 1187 1619 1230 asserens
1652 1187 1748 1230 manu
1781 1165 1910 1229 elevata
1934 1177 1967 1228 et

415 1288 564 1339 extensa:
590 1277 731 1357 pessime
757 1288 789 1336 et
815 1295 878 1336 non
904 1276 990 1336 bone
1014 1275 1175 1355 presbiter
1198 1273 1277 1336 alias
1295 1287 1403 1354 popye,
1436 1275 1611 1346 fraudator,
1635 1287 1667 1336 te
1691 1275 1825 1336 omnino
1850 1270 1966 1334 interfi-

414 1386 496 1444 ciam
522 1393 576 1444 aut
591 1383 801 1462 submergam
828 1393 962 1461 propter
986 1392 1075 1442 tuam
1092 1382 1284 1460 nequiciam,
1309 1401 1381 1442 nam
1408 1401 1444 1443 es
1469 1380 1525 1455 fur,
1551 1379 1641 1446 latro.
1667 1379 1839 1453 fraudator,
1864 1379 1967 1441 malus

413 1489 521 1560 homo,
546 1509 605 1550 nec
622 1511 658 1551 es
674 1491 790 1571 dignus
807 1487 920 1550 ordine
937 1488 1088 1564 clericali;
1106 1489 1331 1568 premissaque
1347 1489 1446 1548 immo
1464 1489 1586 1550 maiora
1603 1498 1635 1548 et
1652 1486 1813 1549 deteriora
1830 1487 1967 1548 dicendo

413 1609 445 1660 et
469 1597 659 1677 repetendo,
685 1617 720 1658 se
744 1598 775 1656 in
799 1597 903 1676 ipsum
930 1593 1121 1656 multociens
1145 1595 1297 1657 irruendo
1321 1607 1353 1658 et
1378 1594 1545 1668 iniciendo
1570 1596 1733 1657 extimans
1758 1595 1903 1656 iniuriam
1928 1613 1966 1654 ac

413 1703 721 1766 dehonestacionem
748 1723 967 1782 manuumque
984 1702 1199 1764 violentarum
1222 1704 1449 1764 extensionem
1472 1721 1510 1764 ac
1525 1701 1642 1763 domus
1659 1722 1716 1764 sue
1733 1703 1933 1764 invasionem
1944 1749 1967 1762 ..

414 1811 455 1874 ad
480 1809 564 1873 CCC
587 1809 655 1871 flor.
681 1809 824 1890 Hungar.
849 1811 920 1890 puri
944 1811 1044 1872 auri..

628 2002 669 2066 Α.
699 2020 790 2080 1494,
815 2000 940 2082 Aprilis
964 2003 1015 2068 28.
1040 2005 1071 2063 in
1097 2002 1236 2081 lunyecz
1260 2005 1291 2064 in
1316 2005 1401 2062 curia
1427 2003 1614 2084 episcopali.

526 2123 612 2192 168.
643 2127 743 2207 (Acta
767 2129 864 2206 episc.
889 2127 978 2206 Vn..
1012 2127 1130 2188 Rmo..
1163 2128 1228 2189 dno
1253 2128 1350 2190 Petro
1375 2129 1533 2207 episcopo
1559 2127 1738 2190 Plocensi..
1770 2125 1967 2188 iudicante..

414 2237 526 2298 honor.
552 2232 714 2296 lohannes
737 2234 778 2295 de
802 2234 972 2314 Ponyathi,
997 2253 1159 2314 generose
1183 2235 1245 2294 dne
1263 2233 1444 2296 Katherine
1468 2233 1578 2296 relicte
1602 2234 1678 2296 olim
1703 2236 1853 2316 generosi
1879 2231 1966 2297 Pauli

414 2342 454 2403 de
479 2341 626 2422 Obramp
651 2352 842 2422 procurator
865 2343 1064 2420 legitimus.
1089 2344 1254 2404 accusavit
1278 2344 1513 2404 contumaciam
1538 2341 1651 2404 honor.
1676 2343 1730 2405 dni
1755 2341 1878 2403 Mathie
1903 2340 1968 2420 ple·

413 2450 487 2511 bani
512 2450 542 2508 in
568 2447 736 2530 Vangra..
768 2447 812 2508 Et
835 2448 953 2510 ibidem
980 2447 1091 2508 honor.
1116 2446 1308 2510 Leonardus
1338 2449 1539 2529 impugnavit
1564 2449 1868 2528 pronunciacionem
1894 2466 1967 2508 con·

412 2557 552 2618 tumacie
576 2574 726 2618 asserens
743 2574 777 2616 se
799 2573 872 2615 esse
890 2563 1132 2633 procuratorem
1150 2553 1225 2615 dicti
1245 2552 1373 2630 plebani
1391 2555 1431 2614 de
1449 2553 1616 2635 Vangra..
1642 2554 1684 2617 Et
1701 2553 1820 2618 ibidem
1846 2555 1877 2616 in
1894 2573 1967 2614 con-

412 2664 528 2726 tinenti
552 2661 666 2724 honor.
691 2660 852 2724 Iohannes
876 2659 1021 2741 prefatus
1047 2663 1177 2722 nomine
1201 2661 1286 2722 dicte
1311 2660 1491 2722 Katherine
1523 2675 1637 2724 contra
1662 2664 1783 2725 dictum
1809 2661 1965 2723 Mathiam

411 2769 585 2849 plebanum
612 2769 783 2850 proposuit
809 2767 918 2842 verbo,
951 2767 1118 2847 quomodo
1149 2768 1190 2828 ab
1216 2787 1279 2828 uno
1304 2787 1390 2830 anno
1416 2768 1465 2829 die
1490 2779 1523 2830 et
1548 2789 1658 2830 mense
1683 2771 1782 2832 certis
1806 2771 1877 2850 ipse
1903 2767 1964 2847 ple·

411 2878 514 2938 banus
540 2877 683 2936 existens
707 2877 878 2936 immemor
902 2875 950 2938 sui
974 2883 1079 2936 status
1105 2873 1324 2952 presbiteralis
1357 2877 1490 2936 veniens
1515 2895 1587 2936 cum
1613 2878 1677 2938 suis
1702 2875 1912 2938 familiaribus
1936 2875 1966 2934 in

410 2982 516 3046 villam
542 2980 691 3060 Obramp
722 2981 809 3044 etin
834 2981 954 3042 curiam
987 2981 1074 3042 dicte
1098 2979 1162 3042 dne
1188 2979 1365 3042 Katherine
1398 2991 1495 3042 nocte
1528 2983 1618 3044 irruit
1649 2985 1680 3042 in
1710 2983 1842 3044 domum
1876 3000 1965 3042 suam

410 3091 569 3153 violenter
592 3099 625 3152 et
642 3089 785 3152 excussit
810 3087 870 3150 tria
894 3087 1001 3150 hostia
1025 3101 1058 3150 et
1076 3089 1218 3168 ipsorum
1244 3097 1355 3150 vectes
1380 3101 1412 3149 et
1429 3089 1580 3150 intrando
1605 3089 1635 3148 in
1653 3109 1825 3156 eameram.
1854 3091 1967 3168 inqua

410 3197 495 3260 dicta
520 3198 584 3258 dna
609 3195 790 3258 Katherina
814 3215 886 3256 cum
911 3195 1058 3258 honestis
1082 3195 1205 3258 ancillis
1229 3205 1263 3258 et
1288 3198 1443 3257 matronis
1470 3197 1500 3256 in
1518 3197 1627 3275 quiete
1652 3194 1787 3258 cubiculi
1813 3207 1890 3257 tunc
1908 3193 1967 3256 fuit

410 3315 445 3366 et
468 3305 602 3366 audiens
626 3313 751 3366 tantam
776 3301 968 3364 violenciam
993 3303 1110 3364 timore
1127 3303 1239 3364 territa
1263 3303 1477 3377 consurrexit,
1504 3303 1616 3366 volens
1640 3303 1723 3366 tueri
1748 3304 1876 3377 ostium,
1901 3303 1966 3382 qui·

410 3411 472 3472 bus
497 3410 590 3473 ostiis
614 3409 811 3490 repercussis
836 3411 939 3488 ipsam
966 3407 1047 3480 lesit,
1071 3411 1117 3470 ita
1142 3409 1229 3488 quod
1253 3411 1410 3471 semiviva
1433 3411 1604 3472 interram
1628 3409 1754 3480 cecidit,
1779 3411 1832 3490 qui
1849 3411 1967 3472 timens

410 3527 550 3578 mortem
577 3513 653 3597 fuge
678 3514 820 3594 presidio
844 3513 969 3596 aufugit
1003 3515 1043 3576 de
1066 3534 1194 3576 camera
1227 3518 1257 3576 in
1284 3514 1389 3576 villam
1416 3515 1588 3578 clamando
1613 3517 1654 3578 ad
1678 3518 1878 3584 violatorem,
1914 3515 1967 3594 qui

412 3621 570 3698 plebanus
593 3623 721 3694 timens,
747 3641 787 3684 ne
811 3624 1024 3684 convenirent
1048 3621 1197 3684 homines
1221 3621 1301 3696 ville,
1334 3635 1468 3702 recepta
1493 3622 1636 3684 cisticula
1660 3625 1702 3686 de
1726 3623 1813 3687 dicta
1838 3642 1967 3696 camera

412 3738 509 3791 nocte
526 3728 636 3793 exivit.
661 3729 692 3788 in
710 3747 774 3808 qua
791 3728 937 3790 cisticula
961 3726 1089 3790 luerunt
1105 3749 1165 3800 reS,
1190 3729 1354 3791 videlicet:
1379 3731 1545 3809 pectorale
1562 3743 1751 3810 argenteum
1776 3731 1966 3792 deauratum

412 3836 531 3898 valoris
554 3834 621 3896 XX
644 3833 841 3897 florenorum
874 3855 945 3897 cum
971 3835 1112 3916 reliquiis
1140 3846 1337 3910 sanctorum,
1371 3839 1544 3916 margarite
1568 3837 1685 3900 valoris
1711 3837 1737 3898 L
1762 3837 1830 3899 flor.
1856 3847 1889 3898 et
1915 3857 1964 3896 ve-

410 3943 526 4004 lamina
551 3941 643 4023 plura
666 3941 784 4003 valoris
808 3941 907 4004 XXX
931 3941 1006 4014 flor..
1038 3953 1157 4024 petens
1188 3943 1229 4002 ad
1255 3945 1496 4006 restitucionem
1531 3944 1680 4024 compelli
1713 3945 1791 4006 alias
1823 3943 1964 4005 valorem

410 4049 491 4111 solvi
525 4060 558 4109 et
582 4049 712 4110 racione
738 4049 868 4112 lesionis
900 4061 932 4112 et
957 4050 1115 4112 violencie
1147 4049 1234 4112 illate
1265 4053 1296 4112 in
1322 4051 1348 4114 C
1372 4051 1439 4112 flor.
1465 4052 1708 4133 condempnari.
1747 4052 1827 4114 Item
1852 4061 1966 4112 contra

411 4156 549 4217 eundem
582 4157 763 4237 proposuit,
797 4157 963 4238 quomodo
996 4157 1037 4218 ab
1063 4177 1148 4218 anno
1180 4160 1261 4219 citra
1292 4159 1343 4220 vel
1367 4157 1449 4220 ultra
1477 4160 1707 4239 impignoravit
1739 4161 1799 4239 ipsi
1826 4159 1966 4237 plebano

410 4273 536 4325 textam
563 4265 791 4343 margariteam
816 4261 934 4325 valoris
959 4262 985 4326 C
1010 4263 1077 4326 flor.
1101 4265 1131 4325 in
1156 4263 1189 4326 X
1212 4263 1281 4326 flor.
1305 4265 1346 4326 ad
1370 4275 1509 4345 tempus.
1540 4285 1622 4346 quos
1647 4265 1677 4326 X
1702 4265 1767 4326 flor.
1792 4265 1852 4326 sibi
1877 4267 1965 4328 resti-

411 4371 480 4436 tuit,
505 4379 621 4449 petens
645 4369 719 4449 cogi
743 4370 783 4431 ad
808 4369 1043 4437 restituendum
1070 4371 1195 4451 pignus.
1230 4370 1281 4432 Ex
1306 4371 1444 4434 adverso
1469 4371 1661 4436 Leonardus
1687 4383 1878 4451 procurator
1901 4373 1966 4454 ple·

410 4475 484 4536 bani
511 4477 625 4554 petivit
648 4479 819 4538 terminum
846 4479 887 4540 ad
911 4477 1190 4540 deliberandum..

626 4669 667 4731 A.
697 4684 788 4750 1495.
814 4671 890 4731 Maii
917 4685 967 4751 27,
992 4672 1022 4730 in
1047 4671 1238 4734 Manlrolino
1262 4673 1292 4732 in
1317 4673 1405 4732 curia
1429 4673 1616 4754 episcopali.

525 4788 609 4856 169.
638 4792 735 4873 (Acta
761 4795 858 4873 episc.
884 4792 949 4875 Vl).
989 4795 1023 4855 ln
1050 4815 1146 4858 causa
1179 4796 1388 4876 providorum
1421 4797 1587 4858 consulum
1623 4797 1734 4878 oppidi
1759 4796 1966 4878 Vischegrad

412 4902 443 4960 in
468 4907 501 4961 et
525 4911 638 4962 contra
663 4899 848 4980 religiosum
873 4898 1069 4963 Stanislaum
1096 4903 1217 4964 Pirzina
1242 4903 1444 4984 prepositum
1470 4905 1499 4964 in
1522 4903 1734 4984 Vischegrad,
1758 4904 1908 4966 consules
1933 4917 1965 4966 et

412 5007 514 5068 vitrici
538 5006 579 5068 de
595 5008 749 5069 ibidem..
774 5020 887 5070 contra
913 5010 1050 5070 eundem
1069 5011 1170 5072 verbo
1187 5023 1436 5092 proposuerunt,
1462 5011 1536 5090 quia
1553 5012 1701 5090 quamvis
1721 5011 1797 5072 dicti
1815 5011 1966 5072 consules

412 5135 469 5176 seu
495 5115 597 5176 vitrici
629 5117 661 5174 in
685 5113 887 5195 Vischegrad
919 5117 1099 5178 existentes
1131 5137 1173 5178 ex
1199 5118 1434 5180 consuetudine
1467 5119 1589 5178 diucius
1621 5130 1712 5180 tenta
1744 5129 1777 5181 et
1809 5140 1851 5180 ex
1876 5131 1965 5181 certa

412 5241 510 5284 causa
534 5219 678 5303 legitima
703 5233 831 5284 servata
856 5223 1035 5284 ministrum
1061 5233 1094 5286 et
1111 5237 1379 5306 campanatorem
1404 5223 1530 5306 prefate
1548 5227 1685 5288 ecclesie
1710 5227 1741 5286 in
1760 5225 1964 5309 Vischegrad

411 5329 480 5389 sine
503 5327 610 5406 aliqua
634 5327 895 5390 contradiccione
920 5331 1076 5409 prepositi
1103 5352 1162 5410 pro
1186 5341 1336 5410 tempore
1360 5341 1437 5394 tunc
1461 5333 1632 5394 existentis
1657 5333 1791 5398 dabant.
1824 5336 1965 5416 assigna·

412 5435 490 5496 bant
522 5445 555 5496 et
579 5433 777 5506 statuebant,
814 5437 982 5516 preposito
1014 5437 1227 5500 confirmante
1263 5449 1296 5501 et
1327 5440 1567 5515 consenciente,
1604 5438 1829 5502 nichilominus
1861 5441 1966 5502 dictus

410 5539 589 5602 Stanislaus
615 5543 801 5621 prepositus
825 5543 1000 5604 modernus
1021 5563 1151 5606 suorum
1169 5546 1436 5625 predecessorum
1455 5566 1519 5607 non
1540 5567 1681 5626 sequens
1698 5547 1964 5608 consuetudinem

411 5649 490 5708 citra
523 5645 722 5709 voluntatem
755 5650 921 5710 consulum
954 5661 987 5712 et
1011 5653 1196 5712 vitricorum
1230 5654 1411 5714 ministrum
1443 5663 1476 5714 et
1501 5669 1766 5734 campanatorem
1800 5673 1891 5716 suum
1924 5655 1965 5715 ad
