4458 6674
414 675 471 722 102
886 659 980 707 ACTA
998 657 1121 708 IUDICII
1139 658 1276 709 ECCLES.
1295 658 1485 708 PLOCENSIS

699 753 705 756 .
721 751 967 756 --—---—-
1011 751 1327 756 --—.—.-...-.----.-
1357 749 1583 756 ..ἡκ--..μη-
1597 749 1653 755 -.
1692 749 1954 756 m-—m—-n

408 869 503 934 michi
526 871 663 933 traditus
695 869 735 932 ad
760 869 954 931 servandum
986 879 1019 932 et
1043 890 1107 950 ego
1132 871 1314 932 nesciebam
1347 871 1451 951 ipsum
1484 869 1553 932 iore
1585 869 1692 940 talem,
1724 871 1782 932 sed
1807 867 1957 950 reliquias

406 990 592 1042 sanctorum
618 975 669 1038 vel
694 975 813 1058 lignum
839 978 904 1037 vite
929 977 1166 1047 existimabam,
1191 979 1264 1058 quia
1281 979 1326 1040 sic
1343 975 1518 1038 solenniter
1535 975 1593 1039 fuit
1609 977 1849 1056 circumligatus
1866 974 1957 1038 stolis

409 1095 440 1147 et
458 1088 502 1146 ita
526 1083 620 1146 michi
647 1082 709 1145 fide
726 1084 801 1145 data
819 1097 869 1144 est
893 1083 1085 1163 deputatum
1111 1087 1328 1156 commissum,
1353 1084 1441 1164 quod
1458 1085 1544 1145 illum
1563 1103 1627 1145 non
1644 1085 1837 1164 apperirem.
1862 1097 1958 1164 prout

408 1211 451 1254 ex
476 1193 590 1253 litteris
622 1189 716 1253 michi
750 1211 807 1270 per
830 1191 950 1253 dictum
984 1191 1215 1269 depositarium
1248 1191 1289 1252 ad
1314 1211 1365 1252 me
1389 1189 1624 1252 iustificandum
1656 1211 1765 1252 coram
1792 1191 1876 1251 Rma
1903 1189 1957 1251 Pte

408 1298 448 1359 V.
473 1299 558 1360 datIs
583 1298 690 1377 liquet.
715 1293 859 1376 Quarum
884 1308 980 1360 tenor
1003 1300 1149 1377 sequitur
1172 1309 1205 1359 et
1229 1311 1278 1360 est
1303 1297 1386 1360 talis:

516 1404 673 1466 Martinus
697 1403 836 1466 Albinus
853 1405 895 1466 de
916 1404 1022 1466 Misna
1047 1405 1203 1466 bonarum
1228 1407 1349 1467 arcium
1374 1405 1573 1484 baccalarius
1597 1404 1777 1466 honorabili
1802 1407 1870 1466 viro
1894 1405 1959 1466 dno

408 1510 540 1572 Iohanni
568 1510 708 1590 plebano
726 1512 755 1570 in
778 1510 991 1590 Novigrodelr
1015 1513 1120 1574 amico
1144 1531 1202 1578 suo
1227 1511 1362 1572 multum
1379 1511 1520 1573 amando
1554 1511 1626 1592 Ego
1643 1511 1802 1574 Martinus
1822 1511 1959 1580 Albinus

408 1617 448 1677 de
474 1619 579 1680 Misna
603 1631 715 1678 notum
740 1617 823 1678 facio
848 1620 940 1681 robis
964 1620 1028 1681 dno
1053 1618 1186 1680 iohanni
1213 1618 1353 1698 plebano
1375 1620 1407 1680 in
1425 1618 1604 1698 Novigrod‚
1629 1619 1716 1697 quod
1733 1619 1794 1681 iste
1811 1638 1870 1690 res,
1896 1639 1958 1697 que

410 1723 536 1786 fuerunt
564 1725 649 1805 apud
680 1745 738 1786 vos
762 1726 880 1794 relicte,
917 1725 1011 1786 nichil
1041 1726 1134 1786 michi
1163 1737 1299 1796 constat,
1325 1746 1386 1786 nec
1410 1728 1564 1806 precipue
1592 1727 1693 1794 vobis,
1730 1725 1818 1804 quod
1846 1723 1959 1786 fuisset

408 1829 495 1899 liber.
521 1833 578 1892 sed
605 1833 767 1910 putabam,
793 1833 880 1911 quod
905 1831 1039 1894 fulssent
1063 1833 1194 1912 reliquie
1219 1843 1406 1894 sanctorum
1431 1844 1486 1894 aut
1509 1831 1630 1912 lignum
1656 1833 1721 1893 vite
1747 1842 1881 1911 propter
1904 1833 1958 1892 cir·

407 1937 649 1998 cumdacionem
681 1940 848 2000 solennem
880 1939 973 2000 stolis
998 1941 1140 2014 diversis,
1173 1960 1236 2020 que
1262 1940 1406 2018 predicte
1430 1959 1482 2000 res
1506 1939 1632 2000 luerunt
1656 1941 1753 2000 rnisse
1778 1959 1836 2019 per
1860 1939 1957 1998 dnum

409 2044 523 2106 ducem
556 2045 767 2126 Mysnensem
800 2045 932 2106 domino
965 2066 1039 2107 meo
1064 2049 1220 2125 magistro
1252 2047 1394 2126 generali
1426 2048 1456 2108 in
1481 2045 1735 2126 Kongesburglr,
1767 2057 1800 2108 et
1831 2047 1877 2106 ita
1907 2065 1959 2106 me

410 2153 575 2229 predictus
599 2151 749 2214 dominus
774 2151 941 2233 obligavit,
965 2164 999 2214 ut
1024 2155 1127 2215 dictas
1149 2174 1199 2214 res
1216 2153 1276 2214 suh
1300 2156 1481 2216 iuramento
1505 2173 1569 2214 non
1595 2171 1759 2215 moverem
1784 2171 1891 2232 neque
1916 2172 1960 2214 re·

408 2258 550 2340 ligarem,
582 2271 679 2339 prout
703 2261 779 2322 date
804 2271 888 2334 sunt,
911 2271 946 2321 nt
970 2260 1011 2321 ad
1037 2261 1142 2321 locum
1167 2263 1358 2338 deputatum
1388 2271 1563 2341 portarem,
1587 2272 1620 2321 et
1645 2271 1679 2321 ut
1704 2259 1799 2322 michi
1823 2259 1960 2337 contigit

409 2367 439 2426 in
465 2387 594 2428 recessu
625 2387 697 2429 meo
721 2369 752 2428 in
777 2367 910 2428 Thorun
937 2389 996 2448 pro
1013 2369 1232 2448 disposicione
1260 2388 1366 2430 rerum
1391 2371 1452 2428 mei
1478 2369 1607 2435 domini.
1637 2365 1754 2430 tradidi
1782 2365 1876 2428 vobis
1900 2387 1959 2446 pro

349 2515 355 2529 ,
410 2472 495 2536 fideli
520 2475 666 2535 custodia
684 2475 766 2536 tales
787 2496 847 2546 res
872 2496 934 2556 que
955 2475 1062 2538 taliter
1085 2476 1238 2537 custodiri
1263 2475 1430 2550 deberent,
1455 2495 1495 2536 ne
1519 2475 1561 2536 ab
1578 2475 1687 2553 ailquo
1711 2475 1961 2553 surriperentur;

410 2579 499 2643 luere
522 2583 653 2656 tamdiu,
689 2593 724 2643 ut
748 2582 852 2644 donec
877 2583 1042 2661 dispositis
1074 2581 1170 2644 rebus
1196 2583 1330 2644 redirem
1356 2583 1489 2644 advos.
1522 2579 1603 2643 Cum
1636 2584 1750 2644 iterum
1780 2583 1864 2642 viam
1890 2582 1961 2641 arri·

410 2708 528 2767 pereni,
553 2689 656 2750 dictas
681 2710 740 2753 res.
773 2711 855 2770 quas
879 2710 1014 2760 mecum,
1046 2701 1143 2770 prout
1174 2691 1268 2751 michi
1301 2693 1493 2769 irnperatum
1520 2689 1587 2761 suit,
1618 2690 1751 2750 domino
1776 2707 1850 2749 meo
1875 2690 1962 2766 prius

409 2797 497 2857 dicto
521 2807 758 2876 presentarem‚
797 2799 924 2858 interim
949 2817 1000 2858 me
1029 2797 1166 2860 absente
1199 2799 1332 2860 veniens
1356 2799 1503 2860 visitator
1535 2799 1658 2876 recepit
1682 2796 1765 2856 tales
1789 2816 1848 2866 res,
1881 2815 1961 2873 quas

409 2903 452 2964 ibi
477 2905 507 2963 in
535 2904 615 2974 loco,
652 2903 703 2964 ubi
736 2906 851 2980 audivi,
883 2906 1012 2978 invenit,
1046 2915 1243 2966 nontamen
1275 2905 1467 2966 estimabam
1499 2925 1558 2966 vos
1590 2904 1632 2965 ibi
1664 2901 1877 2965 custodivisse
1902 2923 1962 2972 res,

410 3029 490 3090 quas
509 3010 655 3091 religavit
676 3021 708 3072 et
724 3011 845 3073 invenit
863 3013 963 3082 aliter,
988 3032 1084 3090 quarn
1102 3033 1162 3074 nos
1179 3012 1410 3073 estimabamus
1427 3033 1466 3072 ex
1484 3021 1621 3091 utraque
1645 3024 1748 3092 parte.
1765 3011 1837 3072 Hoc
1853 3007 1962 3088 itaque

411 3117 581 3198 negocium
608 3137 810 3198 recognosco
835 3119 879 3180 ita
903 3130 1009 3182 actum
1035 3116 1133 3180 fuisse
1158 3129 1191 3180 et
1217 3137 1281 3178 non
1297 3117 1397 3184 aliter.
1423 3119 1546 3198 dequo
1570 3139 1633 3200 ego
1653 3119 1736 3180 male
1753 3121 1828 3180 steti
1852 3137 1961 3180 coram

410 3225 544 3285 domino
569 3243 656 3301 meo;
688 3227 733 3286 ita
757 3235 864 3286 actum
890 3225 987 3286 luisse
1012 3225 1072 3296 sub
1097 3226 1277 3287 iuramento
1312 3237 1345 3286 et
1370 3226 1456 3286 bona
1482 3224 1552 3286 fide.
1587 3225 1705 3286 Datum
1730 3225 1771 3286 de
1796 3224 1962 3304 Konsges·

412 3331 516 3410 burgi<
540 3351 625 3393 anno
651 3331 745 3393 ihesu
775 3347 855 3410 1503
882 3331 900 3392 f.
927 3332 997 3394 IV¹²
1022 3346 1098 3393 ante
1123 3331 1240 3393 festum
1265 3334 1330 3393 divi
1354 3331 1509 3394 Iohannis
1535 3332 1690 3412 Baptiste.

518 3437 562 3500 Et
586 3441 659 3501 dico
685 3441 850 3514 veraciter,
884 3439 971 3520 quod
996 3442 1057 3502 iste
1081 3459 1133 3500 res
1156 3459 1221 3502 non
1246 3439 1369 3500 diucius
1393 3449 1640 3520 permanserunt
1665 3439 1751 3520 apud
1775 3437 1873 3500 dnum
1898 3437 1963 3518 plc-

412 3545 530 3606 banum
555 3547 587 3606 in
611 3565 670 3608 sua
693 3546 849 3616 custodia,
875 3567 972 3626 quam
996 3567 1056 3627 per
1078 3545 1120 3607 III
1145 3547 1215 3608 dies
1239 3556 1272 3608 et
1296 3555 1345 3608 tot
1370 3556 1492 3610 noctes.

518 3651 561 3715 Et
586 3654 690 3715 Rmus
713 3653 797 3716 dnus
821 3654 904 3716 bene
937 3673 1034 3734 super
1065 3674 1105 3716 eo
1130 3652 1219 3714 sacto
1242 3651 1448 3722 deliberatus,
1481 3655 1556 3734 quia
1580 3651 1685 3714 dictus
1708 3650 1870 3712 Iohannes
1894 3661 1964 3712 erat

412 3771 581 3841 correptus
605 3759 788 3824 infirmitate
811 3763 910 3842 gravi,
942 3759 1206 3822 informacionem
1239 3761 1444 3822 summariam
1477 3761 1518 3822 de
1543 3762 1642 3840 ipsius
1675 3757 1774 3830 factis,
1807 3760 1832 3820 si
1857 3756 1963 3837 aliqua

412 3887 488 3929 usus
513 3876 582 3930 arte
606 3869 693 3930 dicta
719 3868 825 3942 luerit,
858 3866 977 3930 ibidem
1008 3869 1039 3930 io
1066 3867 1219 3948 parochia
1250 3879 1283 3930 et
1308 3867 1387 3929 locIs
1411 3869 1647 3930 circumvicinis
1671 3866 1887 3945 recipiendam
1913 3865 1963 3926 de·

412 3974 521 4037 crevit.

625 4167 667 4230 A.
699 4183 789 4248 1504,
815 4169 880 4229 Iulii
907 4169 934 4240 8,
959 4169 989 4228 in
1014 4188 1087 4230 arce
1113 4169 1312 4232 Poltoviensi
1335 4169 1366 4229 in
1391 4169 1479 4230 curia
1502 4168 1689 4248 episcopali.

520 4287 610 4356 242.
635 4293 733 4370 (ncta
758 4293 855 4374 episc.
872 4293 952 4374 Vll).
977 4293 1160 4355 innomine
1185 4293 1247 4354 Dni
1274 4313 1377 4355 amen.
1402 4291 1470 4354 Snb
1495 4313 1582 4354 anno
1607 4292 1795 4354 Nativitatis
1819 4291 1964 4352 eiusdem

413 4399 528 4461 MDIV
553 4399 604 4460 die
630 4397 714 4461 Solis
738 4400 850 4462 XVIII
874 4421 913 4460 m.
932 4401 1098 4462 Februarii
1124 4401 1251 4462 invilla
1275 4399 1449 4482 Modzelye
1474 4403 1504 4460 in
1528 4399 1627 4461 domo
1651 4401 1803 4461 testantis
1828 4419 1892 4478 ego
1911 4417 1965 4458 no·

414 4505 486 4568 bilis
510 4505 709 4568 Mroceslaus
733 4527 830 4570 sanus
854 4529 896 4568 ex
913 4512 1022 4588 gracia
1046 4507 1106 4569 Dei
1125 4528 1264 4589 corpore
1289 4519 1322 4569 et
1340 4509 1469 4568 racione
1492 4508 1580 4570 bona
1603 4509 1721 4577 omnia,
1746 4525 1809 4587 que
1826 4515 1965 4586 protunc

414 4614 508 4674 habui
542 4635 583 4676 ex
608 4617 714 4694 gracia
740 4613 991 4695 Omnipotentis
1023 4636 1064 4678 ne
1090 4637 1147 4695 per
1170 4617 1303 4697 aliquos,
1336 4617 1377 4676 ad
1402 4635 1485 4694 quos
1509 4634 1573 4675 non
1599 4615 1771 4694 pertinent,
1800 4614 1966 4692 rapiantur

413 4731 468 4782 aut
491 4723 576 4782 inter
599 4725 860 4801 consanguineos
891 4743 983 4784 meos
1015 4736 1071 4783 aut
1095 4721 1211 4784 iratres
1236 4723 1273 4784 lis
1297 4723 1405 4804 aliqua
1428 4723 1556 4790 oriatur,
1582 4721 1626 4782 sic
1651 4719 1796 4798 disposui
1819 4703 1860 4780 'et
1884 4718 1965 4780 ordi.

414 4829 486 4889 navi
511 4837 743 4890 testamentum
768 4830 828 4900 via,
861 4831 984 4909 ordine,
1016 4831 1082 4892 iure
1107 4841 1140 4892 et
1164 4829 1275 4904 forma,
1309 4841 1405 4908 prout
1429 4827 1542 4888 meiius
1566 4838 1599 4889 et
1624 4826 1785 4888 efficacius
1817 4827 1907 4904 potui
1931 4835 1965 4886 et

412 4935 519 5006 debui,
552 4935 626 5007 seci,
658 4937 810 4998 constitui
835 4957 891 4998 sue
915 4935 1026 4998 ultime
1051 4935 1210 4998 voluntati
1243 4957 1302 5015 pro
1326 4935 1476 4996 omnibus
1508 4934 1602 4995 bonis
1626 4935 1706 4994 meis
1739 4931 1909 4994 mobilibus
1933 4941 1965 4992 et

416 5041 634 5103 immobilibus
658 5043 717 5104 sub
741 5041 802 5104 hac
828 5043 944 5106 forma:
978 5047 1082 5124 primo
1106 5043 1246 5104 reddens
1270 5044 1451 5122 unicuique,
1484 5043 1572 5121 quod
1596 5061 1688 5102 suum
1714 5051 1771 5110 est.
1797 5041 1827 5100 in
1854 5057 1966 5098 manus

414 5148 475 5208 Dei
500 5149 563 5208 mei
587 5151 727 5210 animam
761 5171 867 5212 meam
900 5150 974 5214 licet
999 5149 1119 5213 scelere
1151 5149 1350 5213 vulneratam
1384 5150 1588 5222 commend0,
1621 5151 1651 5209 in
1676 5151 1765 5210 cuius
1790 5147 1965 5209 remedium

414 5257 519 5316 anime
537 5276 610 5316 mee
628 5260 733 5335 primo
751 5259 825 5337 lego
845 5269 878 5320 et
890 5258 958 5340 [do]
977 5260 1018 5322 ad
1034 5257 1204 5320 ecclesiam
1223 5257 1468 5320 Illakoviensem
1487 5276 1696 5336 sexagenarii,
1716 5254 1754 5336 V,
1770 5271 1965 5336 sexagenam

414 5381 486 5422 cum
502 5362 533 5424 V
549 5383 595 5443 gr.
613 5364 701 5444 apud
720 5364 891 5445 HedvigIm
910 5369 1040 5427 nomine
1064 5365 1319 5431 Podsandlrowa
1345 5365 1403 5426 sed
1422 5363 1450 5424 V
1469 5385 1514 5442 gr.
1533 5360 1618 5446 silbil
1644 5363 1761 5424 dentur
1786 5382 1846 5442 pro
1864 5360 1966 5422 missis

415 5481 447 5531 et
475 5469 513 5553 Is„
539 5489 739 5551 sexagenam
764 5473 849 5552 apud
877 5473 1004 5534 Petrum
1030 5471 1168 5554 Lepych
1192 5472 1392 5553 oppidanum
1419 5471 1662 5533 Malroviensem
1692 5471 1732 5530 ad
1757 5467 1895 5530 eandem
1920 5487 1967 5528 ec·

414 5579 554 5639 clesiam.
579 5576 659 5638 Item
686 5579 726 5640 ad
752 5579 921 5641 Nicolaum
946 5581 1091 5660 Pruthny
1117 5581 1148 5641 X
1164 5601 1219 5661 gr„
1244 5600 1327 5659 quos
1351 5577 1425 5658 lego
1452 5599 1510 5658 pro
1526 5579 1632 5638 missis
1657 5579 1762 5638 anime
1781 5597 1862 5637 mee.
1886 5575 1966 5636 Item

415 5706 611 5768 sexagenam
638 5706 709 5747 cum
730 5687 766 5760 V
790 5707 836 5766 gr.
861 5690 892 5748 in
917 5685 1030 5750 mediis
1054 5709 1109 5768 gr,
1143 5707 1240 5766 quam
1265 5685 1359 5748 michi
1384 5695 1512 5746 tenetur
1544 5685 1662 5748 nobilis
1686 5683 1824 5746 Iacobus
1849 5681 1966 5744 Micha-
