4392 6672
885 681 975 733 ANNI
994 679 1071 736 1478.
1714 703 1758 764 49

1445 775 1750 783 -.——--—-.——..-...-

200 898 273 976 ipso
296 897 418 959 lacobo
441 899 483 960 de
506 899 641 960 taberna
666 900 737 978 ipse
755 895 894 958 Mathias
919 897 1078 975 percussit
1101 897 1206 976 ipsum
1232 897 1273 958 ad
1290 907 1404 977 pectus
1430 895 1583 958 serretico
1609 907 1756 968 cornuto,-

201 1005 365 1064 extimans
402 1005 645 1082 percussionem
677 1005 717 1065 ad
742 1003 805 1064 XX
829 1003 906 1073 tior..
930 1005 1007 1064 item
1041 1023 1101 1083 pro
1125 1023 1174 1076 eo,
1211 1005 1285 1082 quia
1310 1004 1475 1067 concussit
1506 1005 1566 1064 sibi
1591 1003 1755 1070 frameam.

202 1129 265 1189 qua
289 1130 325 1172 se
349 1109 549 1172 defendebat
571 1111 602 1170 in
627 1109 739 1172 valore
763 1109 827 1170 XV
844 1129 899 1190 gr..
924 1111 1000 1170 item
1026 1129 1087 1190 pro
1111 1130 1160 1178 e0,
1185 1111 1260 1189 quia
1284 1110 1359 1170 dum
1386 1109 1456 1190 ipse
1481 1109 1617 1172 lacobus
1642 1109 1701 1171 fuit
1724 1113 1754 1170 in

201 1217 346 1287 taberna,
374 1214 489 1278 volens
513 1235 548 1278 se
572 1216 736 1278 occultare
759 1217 800 1276 ab
824 1217 925 1294 ipsius
950 1235 1025 1276 seva
1052 1217 1269 1295 percussione,
1293 1217 1363 1295 ipse
1388 1216 1528 1278 Mathias
1553 1219 1658 1298 ipsum
1683 1237 1755 1278 evo·

201 1323 297 1385 cabat
321 1322 362 1384 ad
388 1323 637 1402 percuciendum
663 1324 703 1383 de
727 1324 870 1394 taberna,
904 1333 937 1384 et
961 1322 1036 1384 dum
1062 1325 1151 1384 exire
1177 1324 1286 1392 noluit,
1315 1326 1420 1401 ipsum
1445 1323 1619 1398 infamavit,
1645 1325 1756 1385 dicens
1792 1370 1794 1376 ,

201 1429 306 1508 ipsum
336 1427 404 1490 lore
427 1427 539 1500 furem,
575 1430 693 1490 malum
726 1428 900 1503 hominem,
936 1431 1098 1490 extimans
1136 1429 1298 1490 infamiam
1331 1431 1373 1492 ad
1396 1429 1429 1490 X
1452 1428 1603 1503 florenos,
1640 1443 1755 1510 petens

201 1535 306 1614 ipsum
339 1536 370 1594 in
395 1533 456 1596 hiis
480 1537 723 1616 condempnari.
764 1535 815 1597 Ex
839 1535 978 1597 adverso
1003 1553 1082 1615 mgr.
1108 1535 1220 1598 Petrus
1254 1546 1443 1616 procurator
1468 1537 1591 1599 Mathie
1615 1537 1755 1600 obtinuit

200 1644 370 1702 terminum
396 1639 659 1704 deliberatorium
684 1644 725 1704 ad
750 1643 980 1722 quindenam..

413 1834 453 1898 Α.
484 1838 576 1916 1478.
601 1836 679 1898 lunii
709 1853 732 1911 1,
757 1839 789 1896 in
812 1837 1006 1898 consistorio
1034 1835 1262 1899 Polthoviensi.

312 1953 399 2023 130.
425 1960 521 2037 (Acta
547 1959 631 2021 olsrc.
656 1959 722 2040 IV).
748 1959 866 2020 Coram
893 1962 1047 2040 principe,
1072 1963 1262 2040 capitaneus
1287 1961 1504 2022 Poltoviensis
1520 1997 1561 2007 -—-
1589 1961 1755 2023 Discretus

204 2063 358 2127 Nicolaus
383 2063 458 2128 iecit
475 2066 678 2140 relacionem,
704 2069 778 2147 quia
794 2065 965 2128 honestam
991 2067 1177 2129 Smichnam
1205 2071 1347 2129 citavit..
1372 2069 1413 2130 ad
1430 2069 1618 2130 instanciam
1643 2068 1756 2131 honor.

200 2169 325 2233 Nicolai
349 2174 510 2250 capitanei
536 2186 568 2236 et
593 2175 738 2235 canonici
764 2173 985 2236 Poltoviensis.
1011 2173 1054 2235 Et
1078 2177 1310 2237 incontinenti
1336 2175 1419 2236 idem
1444 2175 1556 2236 honor.
1581 2179 1755 2236 canonicus

199 2280 366 2341 constituit
390 2281 563 2342 discretum
589 2280 750 2342 Thomam
775 2279 996 2360 Sokolowsky
1020 2283 1053 2342 in
1070 2301 1161 2344 suum
1181 2293 1458 2361 procuratorem..
1483 2282 1558 2344 Et..
1583 2283 1667 2343 idem
1685 2303 1755 2361 pro·

199 2397 362 2446 curator..
395 2390 567 2466 proposuit
598 2399 713 2450 contra
743 2387 915 2450 honestam
945 2389 1133 2449 Smichnam
1164 2389 1294 2450 viduam
1327 2390 1357 2448 in
1383 2387 1604 2449 Poltowslro..
1630 2409 1690 2470 pro
1715 2409 1754 2449 eo

199 2493 274 2571 quia
297 2493 400 2571 ipsa..
425 2503 575 2573 tempore
611 2495 857 2556 adustionis
892 2497 1024 2557 castri
1057 2493 1355 2556 Poltoviensis
1387 2497 1417 2556 in
1450 2507 1547 2556 nocte
1581 2509 1754 2556 sexternos

198 2599 341 2678 psalterii
366 2619 437 2660 cum
455 2600 524 2662 aliis
541 2601 638 2662 rebus
656 2621 751 2680 quam
769 2602 914 2682 plurimis
940 2603 1103 2679 preciosis,
1129 2621 1209 2681 quas
1226 2603 1395 2663 extimavit
1413 2600 1453 2662 ad
1472 2599 1498 2663 C
1515 2601 1583 2663 flor.
1603 2601 1754 2681 Hungar,

199 2707 321 2785 recepit
354 2720 388 2770 et
412 2715 503 2769 tenet
527 2717 642 2770 contra
665 2727 755 2769 suam
781 2709 1024 2778 conscienciam,
1056 2717 1174 2788 petens
1204 2709 1354 2788 compelli
1387 2711 1427 2768 ad
1452 2709 1662 2769 solucionem.
1702 2708 1754 2771 Ex

199 2813 337 2874 adverso
362 2815 476 2875 mulier
500 2815 616 2894 petivit
639 2835 675 2875 se
701 2815 828 2875 admitti
852 2815 894 2874 ad
919 2813 1105 2895 ponendum
1131 2815 1316 2882 evictorem
1342 2835 1360 2874 a
1385 2835 1450 2894 quo
1475 2815 1586 2877 habuit
1610 2815 1754 2896 prefatos

199 2927 372 2980 sexternos
397 2920 540 2999 psalterii
565 2942 633 2992 sex,
665 2941 747 3000 quos
772 2923 918 3000 reposuit
950 2923 980 2981 in
1005 2941 1119 2984 manus
1144 2923 1268 2983 notarii.
1308 2921 1401 2982 Dnus
1426 2923 1616 2999 capitaneus
1642 2920 1754 2984 nolens

198 3027 330 3087 credere
355 3027 478 3087 mulieri
503 3029 544 3090 de
568 3027 714 3107 parendo
738 3029 805 3094 iuri.
831 3027 946 3107 petivit
971 3027 1078 3088 Rdum
1103 3039 1230 3108 patrem
1256 3039 1288 3088 et
1312 3029 1410 3087 dnum
1437 3026 1636 3106 Episcopum
1663 3026 1754 3088 Kazi-

198 3135 312 3193 mirum
338 3133 530 3194 Plocensem
562 3134 602 3194 ad
627 3133 888 3213 compellendum
920 3133 1086 3196 mulierem
1119 3135 1160 3194 ad
1187 3135 1373 3210 ponendum
1399 3133 1604 3195 fideiussores
1634 3135 1674 3193 de
1700 3154 1753 3214 pa·

199 3239 302 3301 rendo
325 3241 391 3300 iuri.
417 3239 460 3302 Et
476 3241 626 3302 dominus
643 3243 745 3321 petita
763 3241 829 3302 fieri
845 3243 997 3304 decrevit.
1021 3241 1229 3302 Presentibus
1255 3259 1416 3320 generoso
1440 3241 1560 3302 lacobo
1578 3241 1751 3313 Marsalko,

199 3347 341 3407 discreto
361 3347 494 3408 Nicolao
519 3347 696 3409 substituto
721 3347 774 3406 dni
792 3348 954 3426 capitanei
979 3349 1126 3408 canonici
1143 3347 1368 3417 Poltoviensis,
1393 3347 1504 3408 honor.
1522 3345 1661 3408 Nicolao
1686 3345 1752 3406 Ko-

198 3451 391 3533 sobuczsky,
415 3452 606 3515 cancellario
630 3453 798 3516 Plocensis
822 3456 966 3534 capituli,
991 3457 1129 3517 testibus
1154 3457 1239 3515 circa
1264 3458 1431 3535 premissa.

410 3645 452 3706 A.
482 3645 573 3724 1478,
598 3646 677 3706 Iunii
703 3663 730 3724 3,
754 3647 785 3706 in
810 3647 1003 3708 consistorio
1028 3646 1236 3708 Poltoviensi.

308 3765 395 3833 13l.
420 3768 518 3849 (Acta
543 3769 629 3832 offic.
655 3769 718 3850 lV).
744 3770 777 3831 In
802 3791 899 3832 causa
923 3770 1077 3832 nobilium
1102 3769 1253 3833 Stanislai
1277 3770 1318 3831 de
1343 3771 1520 3850 Wysczoly
1544 3791 1616 3830 cum
1644 3771 1755 3852 Augu·

197 3879 285 3938 stino
309 3888 343 3938 et
368 3875 557 3955 Daczbogio
581 3877 622 3938 de
640 3877 849 3950 Marzwsche,
874 3879 1033 3940 discretus
1057 3877 1203 3939 Thomas
1228 3875 1448 3956 Sokolowsky
1465 3889 1658 3956 procurator
1682 3875 1754 3938 Sta-

198 3983 322 4044 nislai..
348 3983 527 4062 proposuit,
563 3982 649 4062 quod
675 3981 749 4045 licet
774 3985 951 4044 seeundum
977 3985 1067 4065 leges
1090 3985 1215 4045 divinas
1239 3994 1338 4063 atque
1363 4003 1507 4044 canones
1537 4003 1694 4045 novorum
1719 3996 1753 4045 et

197 4092 403 4170 antiquorum
435 4091 547 4150 iurium
581 4089 715 4170 quilibet
749 4087 951 4153 Christianus
983 4090 1087 4152 fidelis
1124 4091 1183 4152 sub
1208 4092 1446 4170 dampnacione
1479 4101 1591 4152 eterna
1626 4090 1753 4168 fugiens

198 4199 460 4276 pravitatem
486 4198 721 4258 usurariam
747 4197 846 4260 debet
863 4207 985 4260 sortem
1005 4199 1190 4279 principalis
1207 4199 1344 4280 pecunie
1369 4219 1385 4256 a
1403 4197 1561 4258 fructibus
1586 4199 1751 4277 perceptis

197 4303 367 4377 delalcare,
393 4301 618 4366 nichilominus
642 4313 750 4365 tamen
777 4303 922 4384 prelatus
946 4305 1104 4367 Albertus
1128 4305 1204 4366 olim
1229 4305 1333 4369 dictus
1359 4303 1471 4365 Wrobl
1496 4303 1536 4365 de
1554 4303 1752 4365 Marzwsche

198 4421 291 4488 pater
314 4413 458 4492 ipsorum
484 4411 790 4474 accommodaverat
812 4414 873 4492 ipsi
899 4410 1063 4474 Stanislao
1087 4411 1260 4492 Wysczela
1284 4411 1312 4472 ll
1336 4429 1521 4490 sexagenas
1545 4413 1576 4470 in
1603 4421 1748 4472 mutuum

197 4522 228 4580 in
253 4519 367 4580 mediis
392 4539 437 4598 gr.
462 4528 495 4580 et
519 4519 561 4580 ab
584 4521 630 4580 eis
655 4519 684 4580 11
708 4521 883 4599 sexagenis
909 4522 1029 4600 exegit,
1062 4521 1200 4581 extorsit
1224 4539 1352 4580 usuram
1379 4518 1406 4578 ll
1431 4537 1614 4598 sexagenas
1648 4520 1752 4577 minus

197 4624 243 4686 Vl
268 4646 315 4705 gr.
339 4636 453 4686 contra
478 4635 633 4704 precepta
657 4626 765 4687 divina
789 4637 822 4687 et
846 4626 993 4696 humana,
1019 4627 1079 4706 ipsi
1105 4625 1230 4688 nobiles
1254 4626 1408 4704 descripti
1432 4627 1612 4686 existentes
1645 4625 1674 4684 in
1699 4623 1752 4684 de·

198 4731 318 4792 relictis
343 4732 443 4811 patris
468 4732 515 4792 sui
540 4731 637 4792 finem
662 4742 856 4812 receperunt
880 4731 944 4793 XX
961 4753 1006 4811 gr.
1031 4733 1062 4791 in
1081 4753 1175 4792 usura
1199 4743 1233 4793 et
1250 4733 1354 4793 sortiti
1380 4739 1455 4791 sunt
1480 4733 1509 4790 in
1530 4741 1638 4809 partes
1654 4719 1753 4810 equa-

198 4838 259 4916 les;
283 4857 382 4918 quare
406 4835 447 4898 V.
464 4837 764 4909 Venerabilitatem,
789 4839 853 4900 dne
871 4837 975 4906 iudex,
999 4841 1090 4918 ipsos
1107 4849 1186 4919 peto
1203 4837 1354 4919 compelli
1378 4839 1418 4896 ad
1436 4837 1627 4916 solvendum
1646 4838 1751 4898 dictas

196 4945 226 5006 Il
249 4965 433 5024 sexagenas
458 4947 599 5006 usurarie
625 4957 831 5027 perceptas..
856 4945 908 5006 Ex
933 4947 1071 5007 adverso
1096 4945 1221 5006 nobiles
1245 4945 1455 5006 obtinuerunt
1478 4944 1651 5004 terminum
1678 4941 1751 5004 deli-

197 5052 394 5114 beratorium
406 5101 411 5112 .
423 5101 428 5111 .

410 5243 453 5306 A.
484 5246 575 5324 1478,
599 5245 669 5306 Iulii
694 5262 720 5323 3,
747 5246 777 5304 in
801 5246 995 5308 consistorio
1021 5245 1249 5307 Polthoviensi.

307 5365 394 5432 132.
419 5367 518 5448 (Acta
534 5367 617 5430 offic.
635 5369 701 5447 IV).
726 5369 762 5429 ln
786 5389 883 5430 causa
900 5371 1038 5430 >discreti
1062 5370 1191 5430 Martini
1218 5372 1257 5430 de
1282 5367 1380 5448 Siasy
1403 5389 1476 5430 cum
1501 5369 1612 5429 honor.
1631 5368 1750 5428 lacobo

198 5473 340 5555 plebano
363 5478 394 5536 in
420 5473 552 5556 Paluky,
582 5476 668 5537 idem
695 5479 865 5556 proposuit
889 5488 1004 5538 contra
1029 5475 1200 5555 plebanum
1233 5489 1293 5555 pto
1317 5497 1366 5546 en,
1399 5479 1472 5556 quia
1497 5475 1537 5535 ad
1563 5486 1749 5553 presentem

198 5601 318 5642 annum
350 5601 411 5662 pro
436 5581 521 5644 sesto
554 5602 576 5643 s.
603 5583 697 5653 Petn',
729 5593 878 5662 tempore
910 5583 1008 5644 solito
1033 5584 1167 5644 servicia
1191 5582 1364 5644 scolastica
1387 5583 1463 5655 dari,
1495 5581 1553 5642 sibi
1581 5582 1749 5641 servicium

197 5688 334 5750 dederat
359 5697 392 5749 et
416 5689 491 5750 dum
517 5709 577 5768 pro
602 5691 718 5751 eodem
744 5702 895 5769 tempore
920 5690 959 5749 ad
985 5691 1188 5751 serviendum
1214 5691 1301 5750 venit
1327 5689 1369 5748 ab
1392 5688 1611 5751 Universitate
1636 5689 1750 5748 Craco·

304 5819 360 5857 Acta
373 5814 525 5858 ecclesiastiea.
541 5817 577 5857 111,
1627 5809 1644 5860 7
