4458 6674
409 656 471 719 160
874 653 965 702 ACTA
986 651 1109 703 IUDIClI
1126 651 1262 702 ECCLES.
1285 649 1472 702 PLOCENSlS

405 867 548 948 Ralalylr
572 876 606 929 et
630 865 803 928 Albertum
829 865 1017 946 lutitigulum
1042 865 1083 927 de
1108 865 1230 940 Rozan,
1255 865 1413 927 Martinus
1437 865 1564 928 Zaleski
1588 875 1780 945 procurator
1799 863 1961 944 capitanei

404 979 435 1038 in
453 976 620 1056 presencia
636 973 796 1035 dictorum
822 973 1008 1034 laicorum..
1033 975 1212 1053 proposuit,
1238 972 1328 1051 quod
1353 974 1412 1054 ipsi
1436 972 1545 1036 ialse
1569 973 1965 1051 abiuraveruntpe.

404 1103 478 1146 nam
504 1082 721 1164 percussionis
746 1081 822 1142 dicti
847 1082 1008 1161 capitanei
1031 1082 1061 1140 in
1087 1083 1153 1141 iure
1179 1079 1344 1141 Culmensi
1370 1101 1428 1158 pro
1453 1079 1595 1159 quodam
1621 1079 1663 1140 M.
1688 1079 1867 1158 Clesmytlr‚
1895 1102 1959 1162 qua

407 1190 487 1252 laisa
518 1189 723 1250 abiuracione
757 1188 862 1265 ipsum
895 1186 1184 1248 damnificaverunt
1209 1187 1239 1248 in
1263 1186 1291 1247 ll
1316 1190 1498 1268 sexagenis,
1524 1197 1641 1266 petens
1671 1189 1760 1266 ipsos
1783 1189 1814 1248 in
1838 1187 1961 1250 eisdem

406 1297 615 1360 condemnari
640 1296 737 1357 etad
763 1295 964 1356 solucionem
989 1314 1026 1356 ac
1053 1297 1267 1374 penitenciam
1293 1295 1516 1376 peragendam
1541 1296 1623 1374 cogi.
1652 1293 1704 1354 Ex
1728 1297 1866 1356 adverso
1892 1296 1961 1356 laici

408 1412 608 1484 negaverunt
632 1421 668 1463 se
693 1401 772 1462 false
797 1403 927 1471 iurasse,
953 1399 1010 1462 sed
1035 1403 1120 1463 iuste
1144 1413 1176 1463 et
1202 1412 1289 1464 recte
1313 1399 1490 1462 secundum
1519 1402 1767 1482 dispositionem
1792 1403 1868 1462 iuris
1892 1400 1962 1462 cnl-

406 1511 535 1584 mensis,
560 1511 602 1571 ad
627 1509 715 1590 quod
740 1529 775 1569 se
800 1507 942 1570 referunt
967 1519 1000 1570 et
1025 1509 1164 1588 probare
1194 1509 1380 1584 intendunt;
1409 1519 1619 1590 procuratore
1648 1509 1807 1570 offerente
1831 1529 1866 1570 se
1891 1529 1962 1588 pro·

406 1619 565 1690 baturum,
591 1617 678 1698 quod
705 1615 782 1678 false
808 1616 1047 1676 abiuraverunt.

514 1719 604 1788 347.
628 1722 774 1802 (ibidem)
798 1722 832 1783 In
859 1743 955 1783 causa
980 1742 1087 1784 vener.
1105 1723 1159 1782 dni
1181 1719 1290 1782 lacobi
1316 1719 1537 1796 Gostlrowslri,
1555 1723 1699 1784 canonici
1718 1721 1963 1784 Varszoviensis

406 1843 439 1895 et
464 1832 595 1914 plebani
612 1833 643 1891 in
661 1829 796 1910 Bogate,
813 1839 925 1890 contra
950 1850 1145 1911 generosum
1171 1829 1268 1890 dnum
1295 1830 1545 1891 Pomstiborium
1571 1830 1825 1912 Dzyerzgowslri
1850 1831 1891 1891 de
1909 1829 1962 1890 Pa·

408 1939 524 2000 wlowo
556 1936 767 2000 castellanum
801 1935 1156 2018 Cayecironoviensem,
1190 1958 1269 2018 mgr.
1300 1937 1437 1998 lacobus
1469 1937 1510 1998 de
1544 1932 1663 1998 Brzoze
1687 1947 1879 2017 procurator
1908 1937 1960 1996 dni

407 2047 585 2109 canonici..
610 2046 774 2105 accusavit
798 2046 1035 2105 contumaciam
1061 2044 1137 2105 dicti
1163 2043 1217 2103 dni
1241 2043 1446 2105 Pomstiborii
1474 2063 1538 2105 non
1563 2041 1791 2124 respondentis
1816 2045 1963 2126 proposi·

407 2153 499 2228 eloai,
528 2163 644 2232 petens
673 2170 745 2211 eum
771 2152 975 2230 pronunciari
1000 2161 1242 2228 contumacem3
1270 2151 1323 2230 qui
1348 2149 1467 2211 ibidem
1494 2149 1708 2230 personaliter
1732 2171 1962 2232 comparens..

407 2261 521 2340 petivit
538 2258 674 2320 eandem
696 2275 826 2318 causam
852 2259 893 2319 ad
918 2257 1035 2317 Rmum
1055 2259 1153 2318 dnum
1173 2267 1317 2318 nostrum
1340 2256 1540 2336 Episcopum
1563 2255 1752 2318 Plocensem
1775 2259 1903 2330 remitti,
1921 2277 1962 2318 ex

408 2387 473 2448 quo
497 2369 593 2428 etiam
617 2366 680 2426 alia
696 2385 793 2426 causa
816 2365 899 2426 inter
924 2366 1059 2426 eosdem
1085 2365 1257 2426 occasione
1283 2377 1371 2426 certe
1396 2383 1521 2425 summe
1547 2366 1753 2444 pecuniarum
1779 2383 1887 2424 coram
1906 2384 1963 2425 sua

408 2474 481 2536 Rda
505 2473 563 2536 Pte
581 2473 716 2534 vertitur
740 2482 772 2536 et
790 2471 912 2552 pendet
936 2473 1086 2532 indecisa.
1112 2470 1164 2532 Ex
1181 2471 1321 2532 adverso
1340 2491 1419 2550 mgr.
1437 2469 1575 2531 lacobus
1600 2483 1791 2550 procurator
1814 2471 1960 2530 canonici

407 2582 489 2644 dixit
513 2581 616 2662 ipsam
641 2597 771 2640 causam
797 2597 861 2638 non
887 2577 1007 2638 debere
1032 2579 1150 2638 remitti
1175 2588 1309 2657 propter
1331 2577 1567 2658 negligenciam
1593 2596 1698 2650 cause,
1726 2597 1797 2636 cum
1816 2578 1857 2638 sit
1881 2576 1963 2640 dnus

408 2687 592 2770 Episcopus
610 2697 703 2748 extra
720 2684 874 2746 diocesim
893 2685 1055 2764 propriam
1075 2703 1134 2744 nec
1151 2687 1233 2744 citus
1250 2685 1318 2745 eius
1335 2695 1483 2764 speratur
1499 2684 1665 2750 adventus,
1683 2695 1716 2744 et
1733 2687 1873 2745 maxime
1890 2703 1962 2743 cum

408 2796 450 2856 sit
473 2794 533 2856 alia
551 2812 649 2854 causa
672 2813 736 2852 non
762 2793 928 2870 pertinens
952 2789 994 2852 ad
1019 2791 1113 2856 illam,
1139 2811 1201 2870 que
1220 2793 1302 2852 inter
1326 2793 1414 2871 ipsas
1432 2801 1543 2870 partes
1564 2810 1673 2851 coram
1691 2810 1748 2850 sua
1767 2789 1805 2850 R.
1823 2789 1880 2851 Pte
1897 2809 1963 2851 ver-

408 2903 493 2970 titur,
519 2911 636 2979 petens
659 2911 694 2962 ut
719 2917 830 2978 supra;
854 2899 920 2960 dno
945 2897 1163 2958 Pomstiborio
1189 2896 1364 2976 replicante
1385 2901 1488 2976 ipsam
1512 2897 1580 2959 sore
1600 2917 1761 2960 annexam
1780 2897 1839 2958 alie
1857 2915 1963 2968 cause,

409 3028 471 3090 que
497 3007 619 3088 pendet
643 3006 814 3067 occasione
838 3015 998 3067 certarum
1024 3006 1232 3085 pecuniarum
1254 3025 1362 3066 coram
1381 3025 1436 3066 sua
1455 3004 1492 3066 R.
1514 3003 1578 3074 Pte,
1604 3007 1707 3086 ipsam
1734 3025 1863 3066 causam
1882 3005 1964 3085 petit

409 3116 526 3176 remitti
553 3134 625 3176 cum
654 3125 726 3176 toto
750 3113 889 3194 negocio
914 3111 1081 3192 principali
1102 3113 1142 3170 ad
1164 3131 1253 3172 suam
1280 3111 1317 3172 li.
1336 3112 1437 3172 Ptem.
1462 3111 1581 3172 lacobo
1606 3123 1746 3193 negante
1772 3133 1842 3172 eam
1869 3131 1964 3171 anne-

408 3241 492 3289 xam,
517 3239 631 3301 ymmo
657 3221 787 3282 dicente
814 3219 998 3280 distinctam
1024 3231 1056 3280 et
1081 3239 1144 3278 non
1170 3239 1242 3280 esse
1267 3238 1397 3280 causam
1427 3217 1613 3298 legitimam,
1638 3217 1681 3278 ob
1707 3239 1802 3298 quam
1829 3217 1964 3278 deberet

408 3328 536 3390 remitti.
561 3327 603 3389 Et
619 3327 701 3388 dnus
727 3324 880 3388 Officialis
904 3327 1020 3387 auditis
1041 3325 1190 3386 hincinde
1210 3327 1389 3406 propositis
1413 3336 1445 3388 et
1470 3327 1652 3407 allegatis..
1677 3345 1808 3386 causam
1833 3327 1964 3407 ipsam..

408 3437 449 3498 ad
474 3435 593 3496 Rmum
618 3432 783 3494 dominum
809 3443 955 3494 nostrum
981 3431 1118 3510 remisit;
1148 3431 1267 3494 lacobo
1291 3433 1392 3494 verbo
1421 3433 1608 3514 appellante
1633 3433 1673 3492 ad
1699 3431 1809 3494 sedem
1835 3443 1965 3512 aposto·

408 3543 511 3614 licam,
535 3539 614 3604 alias
638 3540 679 3600 ad
703 3539 814 3601 sedem
841 3537 1125 3618 metropolitanam
1146 3559 1307 3600 excausa
1330 3539 1481 3600 absencia
1504 3538 1580 3600 Rmi
1594 3538 1716 3600 domini
1741 3541 1842 3602 nostri
1860 3560 1878 3599 a
1896 3541 1960 3601 dio·

409 3651 474 3712 cesi
499 3646 690 3710 alternative
714 3645 899 3726 apellavit..

623 3807 664 3869 A.
695 3821 787 3888 1512,
812 3807 919 3870 Martii
946 3809 974 3876 8,
998 3809 1030 3868 in
1054 3809 1251 3870 consistorio
1277 3807 1482 3870 Poltoviensi.

517 3909 606 3978 348.
631 3913 727 3994 (Acta
753 3913 837 3976 oilie.
862 3913 904 3992 X)
929 3914 963 3974 ln
988 3933 1086 3974 causa
1112 3913 1226 3975 nobilis
1251 3913 1401 3976 iohannis
1426 3915 1466 3976 de
1492 3913 1602 3977 Szebri
1632 3915 1724 3977 iuxta
1748 3915 1875 3978 termini
1900 3915 1964 3975 exi·

410 4023 557 4101 genciam
586 4021 744 4083 Martinus
772 4033 964 4102 procurator
988 4021 1135 4082 lobannis
1160 4023 1201 4083 de
1226 4021 1336 4083 Szebri
1361 4035 1474 4084 contra
1499 4023 1655 4106 quasdam
1681 4023 1899 4102 excepciones
1923 4023 1965 4082 in·

410 4131 611 4209 pertinentes
634 4139 668 4190 et
692 4129 797 4190 minus
822 4149 916 4190 veras
945 4150 1005 4209 pro
1031 4139 1122 4208 parte
1151 4127 1304 4190 nobilium
1336 4129 1461 4191 Derslai
1488 4129 1620 4202 Mathia,
1644 4129 1798 4191 Iohannis
1823 4127 1964 4200 Troiani,

409 4235 518 4298 Iacobi
545 4235 675 4306 Mathle,
701 4235 787 4296 Pauli
815 4235 944 4306 Mathie,
969 4246 1001 4296 et
1025 4235 1135 4297 Iacobi
1160 4235 1249 4296 Pauli
1274 4236 1314 4297 de
1340 4236 1495 4297 Porzeeze
1521 4257 1623 4315 nuper
1646 4239 1677 4297 in
1701 4237 1818 4297 iudicio
1843 4236 1964 4298 datas..

410 4361 470 4404 nec
501 4352 626 4421 partem
652 4345 682 4404 in
707 4342 815 4422 aliquo
845 4343 1028 4405 relevantes
1056 4363 1099 4404 ex
1123 4363 1170 4416 eo,
1196 4345 1269 4424 quia
1294 4345 1459 4423 excipiens
1487 4341 1601 4404 falsum
1631 4344 1775 4424 deponit,
1800 4363 1871 4404 cum
1898 4343 1964 4422 qui-

409 4449 483 4511 dam
508 4447 669 4512 lohannes
692 4450 734 4512 de
759 4449 865 4511 Psollri
891 4448 949 4510 fuit
973 4451 1104 4510 occasio
1131 4450 1312 4514 homicidio.
1338 4470 1436 4530 super
1463 4471 1526 4529 quo
1552 4469 1603 4510 res
1628 4454 1742 4530 agitur,
1766 4451 1865 4510 immo
1891 4467 1960 4530 par·

409 4557 513 4636 ticeps
542 4557 618 4617 dicti
647 4555 816 4618 homicidii.
843 4557 919 4637 quia
944 4559 1014 4635 ipse
1040 4557 1169 4636 publice
1204 4555 1367 4617 fatebatur
1397 4577 1505 4616 coram
1540 4557 1681 4618 discreto
1713 4555 1857 4617 Iohanne
1890 4565 1962 4616 actu

411 4662 591 4742 presbitero
623 4663 865 4724 commendatio
889 4665 919 4723 in
946 4661 1172 4724 Grudowszlro
1197 4674 1230 4724 et
1255 4665 1323 4723 aliis
1357 4662 1529 4745 fidedignis
1563 4665 1719 4742 personis,
1749 4683 1847 4744 super
1875 4663 1963 4743 quod

410 4780 601 4848 procurator
623 4767 731 4830 refiert
755 4787 798 4844 se,
823 4771 853 4830 in
880 4781 1034 4850 quantum
1062 4789 1145 4848 opus
1170 4781 1229 4850 est,
1253 4791 1288 4832 se
1309 4781 1340 4831 et
1363 4781 1488 4849 partem
1512 4789 1601 4831 suam
1624 4770 1663 4830 ad
1690 4767 1890 4848 probandum
1912 4769 1965 4830 ad-

410 4875 494 4936 mitti
519 4879 617 4955 petit3
642 4875 695 4937 ubi
720 4895 797 4937 vero
822 4877 991 4957 excipiens
1015 4877 1144 4938 deducit
1170 4877 1244 4938 licet
1268 4875 1355 4956 false,
1380 4877 1467 4956 quod
1491 4878 1577 4938 idem
1603 4877 1762 4938 lohannes
1779 4877 1822 4938 de
1838 4877 1964 4938 Plosalri

410 4979 457 5042 Vl
482 5001 664 5062 sexagenas
693 4982 858 5044 debuisset
887 4983 1023 5052 solvere,
1053 5003 1126 5044 cum
1156 4996 1292 5062 protunc
1321 5003 1383 5044 non
1411 4981 1482 5062 plus
1506 4985 1565 5043 nisi
1591 4983 1696 5044 media
1722 5003 1887 5064 sexagena
1905 4980 1965 5043 sol-

411 5089 547 5153 vebatur
576 5087 682 5151 auxilii
710 5089 800 5150 iuxta
833 5088 1001 5151 laudum
1035 5099 1157 5157 terre,
1191 5101 1223 5151 et
1253 5101 1385 5171 paratus
1415 5101 1464 5151 est
1494 5091 1564 5169 ipse
1595 5089 1756 5150 lohannes
1786 5091 1964 5152 contractui

411 5198 517 5261 eidem
542 5195 737 5264 satisfacere,
763 5195 803 5256 ad
828 5197 914 5274 quod
942 5216 977 5258 se
1002 5208 1195 5276 procurator
1219 5197 1360 5259 reffert..
1385 5217 1479 5277 mgro
1505 5197 1624 5258 Iacobo
1650 5199 1886 5277 reproducente
1911 5217 1964 5259 ex-

411 5307 585 5386 cepciones
609 5316 683 5366 s'uas
709 5312 743 5364 et
767 5313 899 5384 petente
925 5303 1058 5365 easdem
1083 5305 1123 5364 ad
1149 5305 1351 5384 probandum
1378 5305 1538 5366 admitti..
1929 5287 1932 5292 ¹

624 5462 666 5524 A.
695 5480 785 5541 1412,
812 5463 917 5524 Martii
949 5478 982 5542 15
1010 5465 1041 5524 in
1067 5465 1261 5526 consistorio
1286 5464 1493 5526 Poltoviensi.

519 5565 608 5633 349.
632 5569 730 5648 (Acta
749 5569 835 5631 olsrc.
852 5569 893 5649 X)
917 5570 951 5630 ln
976 5589 1073 5632 causa
1098 5572 1212 5632 nobilis
1233 5573 1331 5633 Anne
1352 5572 1459 5634 relicte
1479 5572 1556 5634 olim
1576 5570 1728 5634 Stanislai
1749 5572 1964 5634 Smolechow-

412 5676 461 5738 slri
485 5688 599 5739 contra
623 5677 749 5739 nobiles
778 5677 927 5758 Nadmyr
951 5679 1162 5759 principalem
1186 5677 1227 5739 de
1252 5677 1430 5740 Losczewo
1459 5698 1587 5739 necnon
1616 5681 1717 5760 ipsius
1741 5689 1858 5742 testes:
1881 5677 1965 5744 Mat·
