4458 6674
943 668 1032 731 ANNI
1051 666 1128 734 1502.
1764 691 1806 758 93

253 877 399 956 sinodale
422 878 677 960 condempnavit
701 873 867 964 [eundem]
887 879 919 940 in
944 881 1036 962 pppis
1060 877 1108 949 VI
1132 897 1321 956 marcarum,
1346 898 1427 960 quas
1451 877 1555 945 solvet
1579 881 1660 956 inlra
1684 883 1698 956 I
1721 903 1808 950 men·

257 1008 326 1057 sem
350 987 576 1053 ecclesiasticis
601 986 661 1049 sub
685 987 837 1051 censuris.

363 1089 454 1174 222.
478 1092 633 1174 (Ibidem).
657 1091 711 1156 Ex
727 1093 861 1158 decreto
886 1094 1021 1158 sinodali
1047 1094 1151 1156 Rmus
1175 1093 1258 1156 dnus
1274 1105 1408 1176 recepta
1424 1095 1560 1176 pleniori
1577 1095 1810 1163 informacione

256 1200 297 1264 de
321 1201 559 1265 incontinencia
590 1199 721 1283 plebani
753 1201 784 1261 in
809 1199 878 1262 Nur
910 1202 1059 1270 moderni
1091 1211 1125 1262 et
1149 1211 1321 1283 comperto
1352 1203 1397 1264 ita
1422 1221 1502 1276 esse,
1535 1214 1569 1268 ut
1601 1205 1631 1266 in
1657 1205 1810 1268 sinodo

255 1308 471 1382 denunciatus,
492 1305 560 1382 suit,
584 1308 690 1388 ipsum
714 1308 746 1368 ln
771 1327 855 1388 pena
881 1307 922 1370 III
947 1327 1126 1371 marcarum
1150 1310 1437 1388 condempnavit..

469 1501 512 1564 A.
542 1516 634 1582 1502,
657 1499 855 1563 Novembris
879 1516 908 1582 7,
932 1503 963 1562 in
988 1500 1132 1564 Zlotoria
1156 1504 1187 1562 in
1212 1503 1298 1564 curia
1322 1501 1508 1584 episcopali.

363 1623 453 1704 223.
487 1627 585 1710 (Acta
608 1629 706 1710 episc.
731 1625 810 1708 VII).
851 1625 970 1694 Coram
1002 1628 1088 1690 Rmo
1120 1626 1186 1688 dno
1218 1625 1346 1711 presule
1379 1626 1525 1690 Pincensi
1557 1627 1670 1692 honor.
1694 1629 1809 1704 Petrus

258 1733 417 1815 plebanus
448 1737 479 1798 in
504 1731 660 1801 Somowo
684 1745 798 1796 contra
821 1732 964 1796 nobilem
988 1733 1182 1798 Rathwan..
1215 1737 1400 1816 proposuit,
1434 1736 1522 1815 quod
1546 1736 1616 1816 ipse
1639 1738 1811 1804 immemor

257 1837 369 1904 salutis
385 1861 443 1917 sue
460 1862 533 1918 curu
550 1841 670 1907 Iacobo
695 1842 735 1912 dc
751 1841 871 1904 ibidem
895 1839 979 1905 solet
1002 1841 1158 1921 impedire
1183 1842 1316 1904 verbum
1333 1839 1395 1904 Dei
1421 1841 1549 1926 publice
1575 1845 1604 1904 iu
1622 1841 1809 1918 scaqdalum

257 1949 466 2030 plurImorum
491 1947 764 2022 Christifidelium
797 1957 913 2028 petens
936 1949 1042 2031 ipsum
1068 1949 1171 2032 puniri
1204 1949 1366 2012 mediante
1398 1968 1533 2024 censura
1558 1951 1812 2026 ecclesiastica..

364 2051 454 2130 224.
479 2055 652 2138 (Ibidem)..
682 2055 800 2119 Coram
817 2055 905 2120 Rmo
922 2056 987 2118 dno
1013 2055 1142 2136 presule
1167 2055 1315 2120 Plocensi
1339 2055 1483 2136 prelatus
1509 2053 1624 2122 nobilis
1648 2056 1810 2132 Rathwan

257 2164 289 2224 in
313 2161 480 2226 audiencia
505 2163 634 2245 publica
659 2164 772 2226 honor.
796 2163 926 2226 Petrum
952 2163 1126 2257 plebanum
1159 2165 1191 2229 in
1216 2162 1371 2238 Somowp
1396 2164 1611 2234 denunciavit.
1643 2163 1811 2244 quomodo

257 2269 491 2335 incurabilitate
525 2273 626 2357 ipsius
651 2271 780 2352 plebani
812 2271 876 2332 duo
900 2271 1049 2334 homines
1072 2271 1269 2336 kmcthones
1293 2271 1341 2335 sui
1373 2273 1442 2334 sine
1466 2270 1671 2338 confossione
1695 2274 1810 2336 mortui

257 2387 340 2440 sunt.
364 2376 447 2442 Item
471 2377 558 2460 quod
583 2380 653 2462 ipse
678 2378 836 2460 plebanus
860 2399 967 2443 ceram
992 2390 1025 2445 et
1040 2380 1193 2442 candelas
1218 2399 1336 2456 cereas,
1362 2399 1459 2461 quam
1477 2377 1711 2454 Christilideles
1735 2377 1810 2440 olle·

258 2495 339 2556 runt,
363 2484 512 2547 distrahit
536 2495 569 2549 et
593 2487 703 2548 vendit
727 2487 864 2567 ipsaque
889 2485 1026 2550 ecclesia
1048 2497 1138 2548 caret
1162 2486 1342 2557 luminibus.
1373 2485 1454 2548 Item
1479 2487 1565 2566 quod
1590 2503 1755 2564 nunquam
1780 2486 1811 2550 in

258 2590 507 2656 solennitatibus
539 2592 725 2658 Natiuitatis
753 2592 827 2664 Dni.
859 2593 969 2664 Pasce,
1000 2593 1235 2658 Penthecostes
1267 2614 1305 2659 ac
1334 2591 1402 2656 aliis
1435 2613 1573 2674 vespere
1605 2603 1812 2674 peraguntur.

258 2699 339 2762 Item
365 2703 436 2780 Ipse
460 2701 617 2780 plebanus
649 2701 813 2782 copulavit
837 2699 933 2762 filium
958 2721 1050 2765 suum
1083 2721 1155 2762 cum
1180 2711 1282 2782 nepta
1304 2721 1369 2764 sua.
1411 2700 1491 2764 Item
1516 2699 1661 2765 vendidit
1685 2712 1812 2780 partem

259 2817 380 2870 certam
414 2807 568 2888 parochie
599 2828 659 2888 pro
683 2807 711 2870 L
737 2829 783 2892 gr.
808 2811 980 2890 preposito
1010 2809 1041 2870 in
1066 2808 1253 2892 Lubothyn,
1285 2809 1475 2892 irrequisitis
1507 2809 1653 2888 patronIs
1684 2816 1717 2870 et
1745 2809 1812 2871 sinc

259 2911 428 2988 voluntate
452 2917 605 2996 ipsorum.
630 2915 713 2978 Item
738 2915 827 2998 quod
851 2915 1027 2998 baptisavit
1052 2936 1187 2998 puerum
1212 2916 1357 2981 nondum
1381 2925 1502 2982 natum.

472 3107 514 3170 A.
543 3123 635 3190 1502,
660 3107 858 3181 Novembris
881 3128 911 3189 9,
936 3110 966 3170 in
991 3109 1134 3174 Zlotoria
1158 3109 1189 3170 in
1214 3109 1301 3172 curia
1324 3107 1513 3194 episcopali.

366 3227 457 3301 225.
492 3233 591 3316 (Acta
615 3236 713 3315 episc.
738 3233 817 3312 VII).
857 3233 1027 3301 Discretus
1058 3232 1308 3300 Bartholomeus
1339 3235 1380 3296 de
1404 3232 1589 3313 Swyrsche,
1621 3243 1812 3314 procurator

259 3338 422 3422 legitImus
446 3341 562 3404 nobilis
588 3341 794 3423 Margarethe
817 3342 859 3403 de
884 3337 1074 3404 Czischewo
1098 3352 1212 3406 contra
1235 3341 1378 3407 nobilem
1403 3339 1556 3403 Iacobum
1582 3338 1623 3402 de
1642 3339 1812 3414 Dmochi..

259 3449 431 3528 proposuit
454 3468 516 3529 pro
540 3447 758 3510 defloracione
782 3457 814 3510 et
839 3449 1103 3530 impregnacione
1135 3460 1169 3511 et
1193 3449 1280 3528 quod
1306 3449 1455 3530 promisit
1479 3451 1584 3527 ipsam
1608 3446 1669 3518 sibi
1693 3444 1812 3516 ducere

259 3555 291 3614 in
315 3573 462 3628 uxorem,
486 3555 650 3630 extimans
673 3555 922 3618 defloracionem
946 3556 989 3623 ad
1012 3554 1077 3618 XV
1100 3575 1281 3638 sexagenas
1304 3557 1396 3618 iuxta
1419 3555 1588 3619 laudum
1613 3565 1736 3625 terre,
1760 3573 1812 3633 pe·

260 3671 333 3726 tens
357 3671 417 3724 etc.
458 3661 511 3725 Ex
534 3662 672 3726 adverso
697 3674 888 3744 procurator
911 3663 1018 3728 Iacobi
1043 3661 1213 3729 consessus
1238 3673 1287 3729 est
1311 3665 1416 3742 ipsam
1441 3660 1617 3727 deflorassc
1641 3671 1674 3724 et
1699 3660 1813 3742 impre-

250 3787 388 3848 ¹guasse,
413 3771 543 3850 negarit
567 3777 687 3844 tamen,
712 3771 800 3850 quod
825 3771 1028 3850 promisisset
1053 3771 1113 3834 sibi
1137 3771 1256 3833 ducere
1280 3771 1385 3850 ipsam
1409 3771 1442 3832 In
1466 3788 1611 3832 uxorem.
1642 3766 1686 3828 Et
1710 3767 1814 3828 Rmus

260 3876 343 3936 dnus
366 3895 410 3938 ex
433 3875 625 3941 confessatis
649 3878 749 3958 ipsius
773 3876 916 3940 Iacobi..
941 3877 1093 3952 decrevit,
1126 3878 1279 3957 quatinus
1303 3886 1357 3943 aut
1382 3877 1486 3958 ipsam
1510 3875 1608 3939 ducat
1633 3873 1684 3939 vel
1709 3875 1813 3955 petita

261 3979 400 4044 solvet..
1149 3973 1152 3980 ’

475 4173 517 4236 Α.
546 4190 637 4256 1502,
663 4175 854 4240 Decembris
883 4194 929 4255 19,
954 4175 984 4239 in
1009 4174 1177 4238 Poltowsk
1201 4177 1231 4236 in
1258 4177 1345 4238 curia
1369 4175 1556 4255 episcopali.

369 4295 460 4375 226.
485 4298 583 4380 (Acta
607 4303 706 4382 episc.
730 4301 791 4382 Ia).
829 4300 986 4366 Testes
1011 4300 1205 4382 infrascripti
1229 4321 1272 4362 ex
1295 4299 1428 4380 speciali
1452 4300 1681 4364 commissione
1705 4297 1815 4359 Rmi..

262 4405 316 4470 dni
333 4405 502 4470 Vincencii
527 4407 565 4469 D.
583 4429 612 4488 g.
638 4404 786 4490 episcopi
810 4407 974 4475 Ploceusis
1005 4418 1039 4472 et
1063 4428 1104 4470 ex
1120 4406 1228 4473 officio
1252 4407 1415 4470 ordinario
1432 4427 1489 4469 sue
1506 4406 1590 4471 lime
1608 4403 1675 4467 Ptis
1691 4404 1815 4482 recepti

263 4535 300 4577 ac
325 4535 383 4596 per
407 4533 458 4575 me
482 4512 666 4579 Arnoldum
691 4513 816 4578 Nicolai
841 4514 881 4576 de
907 4513 1043 4578 Cuchari
1067 4516 1227 4578 notarium
1252 4515 1441 4585 examinati,
1474 4511 1638 4577 assidente
1664 4511 1758 4576 michi
1782 4521 1816 4574 et

181 4633 183 4638 '
262 4623 550 4706 superintendente
575 4623 716 4684 examIni
741 4643 834 4704 mgro
852 4622 991 4687 Aiberto
1016 4623 1056 4684 de
1073 4622 1196 4684 Lovicz
1221 4623 1454 4702 penitenciario
1478 4617 1658 4702 episcopali
1681 4639 1720 4680 ac
1736 4617 1816 4680 Der·

263 4731 331 4792 slao
355 4729 396 4792 de
422 4727 572 4792 Gostinin
597 4732 789 4794 connotario
821 4740 854 4792 et
877 4751 1035 4810 germano
1059 4733 1139 4814 mgri
1166 4730 1283 4805 iacobi,
1315 4739 1428 4804 contra
1452 4749 1557 4813 quem,
1590 4726 1815 4790 conscribente

262 4835 444 4898 hulusmodi
469 4837 697 4917 deposiciones
720 4835 953 4920 infrascriptas:

369 4943 533 5006 Primus
565 4945 658 5008 testis
690 4944 806 5008 nobilis
838 4944 1000 5011 Iohannes
1032 4946 1072 5008 de
1096 4945 1280 5028 Lampicze,
1312 4946 1408 5010 iudex
1439 4945 1537 5006 castri
1568 4939 1815 5012 Poltoviensis..

264 5051 484 5134 interrogatus
508 5053 689 5124 summarie,
715 5051 741 5112 si
766 5052 840 5131 quid
866 5052 925 5114 sibi
951 5063 1121 5116 constaret·
1141 5055 1182 5116 de
1206 5057 1281 5134 vita,
1311 5053 1455 5116 moribus
1479 5061 1511 5114 et
1536 5046 1739 5114 continencia
1763 5047 1818 5108 dni

265 5158 409 5239 magIstri
434 5158 549 5232 laconi,
582 5158 712 5240 plebani
736 5159 766 5220 in
791 5158 959 5240 Vynycza‚
991 5162 1169 5242 respondit,
1202 5161 1290 5242 quod
1314 5172 1349 5224 ut
1383 5159 1597 5222 communiter
1623 5158 1760 5218 [amatur
1784 5165 1817 5216 et

265 5265 354 5328 audit
377 5286 396 5328 a
420 5265 564 5346 pluribus
588 5266 806 5348 spitituaiibus
830 5278 864 5330 et
888 5265 1085 5330 secularibus
1108 5268 1251 5329 eiusdem
1278 5268 1438 5348 parochie,
1471 5266 1558 5348 quod
1582 5266 1653 5348 ipse
1677 5261 1816 5326 Iacobus

265 5383 315 5435 est
339 5374 546 5437 incontinens
570 5384 603 5436 et
627 5373 767 5439 lubricus
791 5393 925 5436 servans
949 5372 1170 5435 meretriculas
1194 5375 1225 5435 in
1241 5374 1341 5436 domo
1365 5395 1430 5443 sua.
1458 5395 1517 5437 uec
1537 5374 1678 5456 aliquem
1704 5389 1746 5432 ex
1763 5388 1815 5448 pa·

263 5479 425 5554 rochianis
448 5481 480 5542 in
504 5480 635 5554 domum
661 5500 752 5544 suam
777 5481 928 5550 admittit,
953 5483 1054 5545 eciam
1078 5500 1138 5542 uec
1161 5479 1304 5542 scolares
1328 5501 1390 5560 pro
1414 5500 1497 5559 aqua
1521 5479 1562 5549 ad
1578 5479 1759 5550 ecclesiam,
1784 5485 1817 5536 et

265 5588 392 5650 noviter
415 5605 487 5654 cum
513 5587 653 5668 quadam
680 5588 778 5652 Anna
802 5585 863 5648 filia
888 5587 1110 5650 Bartholomei
1135 5588 1309 5650 Drzevosz
1333 5588 1374 5650 de
1392 5584 1599 5666 Rampkowo
1624 5583 1816 5666 prolisrcavit

265 5693 471 5778 secundari05
495 5693 611 5756 adiecit
628 5695 730 5759 eciam
750 5695 851 5768 testis,
876 5695 963 5776 quod
988 5713 1030 5756 ex
1047 5712 1104 5756 ore
1121 5695 1266 5759 eiusdem
1293 5695 1376 5780 mgri
1399 5693 1508 5756 Iacobi
1530 5691 1660 5768 audivit,
1686 5688 1816 5773 quando
