4392 6672
925 621 1015 673 ANNI
1035 618 1113 676 1499.
1753 639 1792 707 71

246 712 539 722 *mn-n·—

243 833 421 897 Stanislaus
438 831 601 904 Cholewa,
626 851 669 896 ex
685 854 823 915 quorum
847 833 1043 916 agricultura
1067 835 1191 898 decima
1217 855 1278 915 pro
1294 834 1361 896 dno
1377 834 1545 917 Episcopo
1570 856 1628 916 pro
1645 845 1796 918 tempore

242 944 394 1006 existenti
421 941 636 1023 recipiebatur
659 953 692 1004 et
717 941 960 1004 conducebatur
983 939 1024 1002 ad
1048 940 1284 1004 decimatorem
1315 941 1347 1002 in
1373 941 1551 1006 Dlothowo
1576 943 1682 1006 villam
1707 941 1796 1006 Stro-

243 1049 377 1112 zewska.
418 1048 499 1110 Item
525 1049 619 1110 testis
643 1048 870 1128 interrogatus,
902 1067 1011 1127 aquo
1035 1059 1185 1128 tempore
1213 1045 1291 1110 dicti
1315 1047 1511 1111 kmethones
1535 1069 1607 1112 esse
1632 1061 1795 1132 ceperant,

242 1157 322 1219 dixit
346 1156 448 1228 testie,
473 1155 562 1236 quod
587 1155 669 1216 ultra
694 1156 882 1218 memoriam
907 1153 954 1215 sui
980 1173 1045 1214 non
1063 1174 1135 1216 esse
1161 1154 1203 1216 ibi
1220 1155 1347 1234 aliquos
1363 1156 1490 1217 nobiles
1512 1158 1542 1216 in
1560 1159 1684 1219 eisdem
1702 1159 1794 1239 agris.

241 1263 322 1326 Item
349 1268 569 1344 interrogatus
592 1262 633 1325 de
650 1261 773 1342 reliqua
798 1260 988 1322 residuitate
1013 1262 1111 1322 sortis
1128 1258 1318 1338 Dlothowo‚
1342 1263 1413 1341 quis
1430 1263 1592 1334 coluisset,
1617 1266 1795 1342 respondit,

242 1371 328 1451 quod
352 1371 478 1432 nobiles
503 1368 677 1431 Laskarius
701 1379 733 1430 et
750 1367 903 1430 Andreas
927 1369 1071 1446 germani
1097 1368 1209 1448 predia
1233 1388 1344 1430 eorum
1370 1368 1552 1432 habuerunt
1576 1379 1609 1431 et
1626 1370 1795 1432 coluerunt

242 1477 436 1550 aLannis,
468 1475 546 1538 alias
570 1496 590 1538 a
612 1486 763 1556 tempore
787 1495 845 1538 sue
877 1477 1032 1536 memorie
1063 1474 1139 1536 dicti
1168 1475 1237 1555 agri
1269 1473 1430 1553 prediales
1462 1475 1596 1546 fuerunt,
1630 1477 1721 1539 salvo
1746 1498 1794 1553 eo,

241 1585 329 1666 quod
352 1605 372 1646 a
395 1583 461 1646 XX
492 1584 544 1645 vel
575 1582 656 1644 inira
680 1583 781 1654 annis,
817 1596 993 1662 postquam
1025 1581 1110 1644 dicta
1143 1583 1256 1662 predia
1291 1602 1497 1644 successores
1533 1585 1793 1664 supradictorum

241 1691 395 1754 heredum
420 1689 568 1754 Laskarii
593 1700 626 1752 et
643 1687 787 1760 Andree,
812 1689 963 1752 videlicet
987 1689 1113 1762 Paulus,
1138 1687 1248 1750 Adam
1266 1701 1298 1751 et
1316 1687 1475 1760 Sassiam,
1499 1689 1619 1752 dictum
1645 1690 1793 1772 predium

241 1799 305 1860 dno
329 1796 450 1860 Iacobo
474 1795 693 1879 Lyczlrowslri
725 1796 767 1859 de
792 1795 979 1858 Naborowo
1004 1797 1226 1866 vendiderunt,
1259 1806 1380 1858 extunc
1411 1797 1496 1858 idem
1521 1809 1650 1877 emptor
1673 1799 1793 1860 dictum

241 1905 387 1986 predium
412 1905 479 1966 sive
497 1905 608 1984 predia
626 1903 858 1965 kmethouibus
882 1903 1007 1971 locavit,
1033 1902 1182 1964 videlicet
1199 1899 1364 1964 Stanislao
1381 1903 1496 1976 Rinda,
1523 1904 1656 1968 Andree
1676 1905 1794 1976 Durlra,

242 2010 378 2074 Nicolao
409 2010 560 2091 Dimyna,
593 2009 719 2072 Mathie
750 2009 904 2082 Phabian,
941 2008 1076 2071 Andree
1101 2009 1293 2090 Dimynycz,
1326 2009 1423 2072 Petro
1447 2010 1686 2090 Fabianovycz,
1719 2023 1794 2092 post

241 2139 376 2199 quorum
401 2117 638 2200 agriculturam,
663 2117 861 2180 desientibus
888 2115 1008 2197 prediIs
1032 2129 1066 2178 et
1089 2117 1183 2204 dictis
1208 2115 1440 2180 kmethouibus
1464 2117 1577 2181 locatis
1600 2121 1631 2178 in
1649 2119 1794 2200 predicta

240 2237 328 2288 sorte
345 2225 565 2306 predictorum
585 2224 748 2294 nobilium,
774 2224 921 2303 episcopi
937 2223 1148 2303 recipiebant,
1171 2224 1386 2296 decimabant,
1411 2226 1563 2288 videlicet
1579 2226 1663 2288 dnus
1680 2227 1795 2289 Petrus

240 2333 427 2414 episcopus;
465 2331 508 2394 de
532 2331 697 2394 Kazimiro
729 2331 811 2394 duce
844 2332 980 2394 nescivit
1004 2330 1177 2402 declarare,
1209 2334 1234 2392 si
1261 2351 1321 2412 pro
1345 2352 1386 2394 eo
1411 2341 1543 2412 recepte
1575 2343 1609 2394 et
1632 2333 1794 2396 decimate

240 2439 381 2517 fuerunt;
405 2457 535 2502 causam
561 2459 619 2500 sue
635 2439 775 2500 sciencie
799 2437 839 2500 de
861 2437 1027 2518 premissis
1050 2436 1199 2506 reddens,
1224 2437 1300 2518 quia
1325 2439 1415 2500 novit
1438 2437 1565 2500 nobiles
1589 2439 1794 2518 supradictos

240 2558 272 2608 et
295 2547 480 2608 successive
504 2543 707 2614 kmethones,
733 2563 817 2624 quos
840 2548 987 2625 superius
1011 2546 1196 2606 nominavit.
1233 2543 1314 2606 Item
1340 2547 1423 2608 idem
1449 2547 1543 2606 testis
1568 2545 1794 2626 interrogatus,

239 2673 280 2714 an
304 2673 443 2728 mansus,
476 2653 598 2733 inquo
623 2650 719 2714 locati
751 2661 826 2714 sunt
851 2651 1003 2712 Andreas
1034 2649 1162 2714 Skerka
1193 2653 1224 2712 in
1249 2653 1357 2714 medio
1388 2665 1420 2714 et
1445 2650 1587 2714 Mathias
1610 2652 1794 2732 Musznycz,

239 2761 280 2822 sit
304 2779 347 2822 ex
371 2760 486 2841 predio
510 2769 735 2820 emensuratus
759 2759 790 2818 in
816 2757 889 2820 villa
913 2757 1110 2828 Naborown
1149 2771 1204 2819 aut
1228 2759 1299 2838 ipse
1322 2779 1454 2822 mansus
1478 2758 1695 2822 kmethonalis
1718 2771 1793 2824 ante

240 2887 278 2928 ea
301 2867 464 2929 extitisset
488 2887 508 2928 a
531 2864 594 2928 XL
619 2876 651 2928 ct
675 2864 758 2928 ultra
782 2867 883 2936 annis,
907 2865 1084 2944 respondit,
1115 2865 1204 2945 quod
1228 2867 1269 2928 ab
1294 2885 1336 2927 eo
1358 2875 1516 2946 tempore.
1540 2887 1559 2926 a
1584 2885 1649 2947 qno
1674 2885 1793 2928 memo·

240 2975 318 3035 riam
342 2971 451 3047 habet,
476 2974 517 3036 sit
540 2975 611 3054 ipse
636 2991 768 3034 mansus
792 2971 945 3053 predialis
968 2979 1002 3033 et
1026 2991 1069 3034 ex
1093 2973 1207 3052 predio
1231 2983 1464 3042 emensuratus,
1494 2973 1535 3034 de
1560 2991 1626 3053 quo
1651 2983 1727 3036 ante
1750 2974 1791 3035 lo·

239 3081 404 3142 cacionem
437 3079 650 3143 kmethonum
683 3079 842 3160 plebanus
866 3079 1024 3142 decimam
1057 3079 1268 3160 percipiebat,
1300 3091 1378 3161 post
1405 3078 1605 3142 locacionem
1630 3099 1708 3141 vero
1733 3099 1793 3160 pro

240 3188 304 3248 dno
329 3187 510 3268 Episcopo;
542 3189 760 3268 interrogatus
784 3206 803 3246 a
827 3206 893 3266 quo
917 3195 1067 3266 ternpore
1098 3185 1204 3248 dictus
1228 3205 1360 3248 mansus
1383 3183 1509 3248 locatus
1533 3188 1583 3252 sit.
1615 3187 1792 3266 respondit,

238 3294 326 3374 quod
360 3293 441 3356 inira
464 3293 530 3356 XX
553 3313 668 3364 annos,
704 3307 737 3356 et
761 3291 859 3361 dixit,
893 3293 982 3373 quod
1014 3293 1139 3354 medius
1174 3312 1307 3355 mansus
1342 3294 1500 3374 eiusdem,
1535 3313 1631 3374 quem
1664 3293 1794 3356 colebat

240 3401 423 3484 Musznycz,
454 3402 484 3463 In
511 3401 657 3479 predium
682 3401 777 3462 rediit
800 3401 966 3462 viceversa
996 3419 1053 3479 per
1077 3400 1200 3462 exitum
1225 3401 1302 3464 dicti
1327 3399 1503 3479 Musznycz
1526 3401 1558 3462 in
1584 3399 1691 3462 villam
1716 3397 1793 3462 Cro-

238 3525 382 3570 czewo..

452 3701 494 3764 A.
523 3717 613 3780 1499.
638 3699 842 3781 Septembris
867 3716 917 3779 23,
941 3700 972 3761 in
998 3697 1200 3782 Mankolyno
1224 3701 1255 3762 in
1280 3700 1366 3762 curia
1389 3700 1576 3782 episcopali.

349 3819 436 3890 181.
467 3825 566 3904 (Acta
590 3827 687 3906 episc.
712 3823 792 3906 VII).
832 3825 959 3888 Nobilis
983 3825 1066 3888 dnus
1095 3824 1256 3888 Iohannes
1281 3823 1395 3888 Gorlra
1424 3825 1465 3887 de
1491 3823 1644 3888 Coczicze
1677 3835 1791 3886 contra

238 3932 351 3994 honor.
375 3932 474 3994 dnum
499 3931 653 3994 Iacobum
679 3932 852 4012 plebanum
877 3933 909 3994 in
934 3931 1128 3994 Radzimino
1152 3934 1333 4013 proposuit,
1358 3933 1524 4013 quomodo
1548 3952 1634 3994 anno
1650 3933 1789 3994 currenti

238 4040 308 4120 ipse
333 4039 490 4118 plebanus
516 4042 649 4102 veniens
672 4040 703 4099 in
730 4039 816 4100 bona
839 4041 939 4119 ipsius
963 4041 1388 4121 proponentis-nuncupata
1405 4037 1647 4102 Carboschewo
1670 4039 1791 4101 excidit

238 4145 395 4208 violenter
419 4145 467 4210 VI
495 4165 632 4227 quercus
662 4146 781 4208 valoris
816 4147 1042 4210 extImacionis
1077 4148 1258 4208 communis
1290 4144 1468 4210 secundum
1505 4155 1714 4208 statutum
1750 4155 1790 4208 ct

238 4252 592 4316 consuetudinem
618 4265 743 4326 terre,
769 4264 884 4332 petens
908 4263 968 4314 etc.
995 4252 1047 4314 Ex
1063 4253 1203 4315 adverso
1227 4252 1340 4314 honor.
1358 4253 1516 4334 plebanus
1540 4253 1648 4333 posuit
1672 4254 1791 4314 evicto·

238 4379 304 4422 rern
328 4358 479 4422 videlicet
504 4359 645 4422 nobilem
669 4359 846 4423 Iohannem
872 4358 1166 4441 Carboschewsky,
1191 4362 1244 4440 qui
1270 4380 1343 4422 eum
1366 4361 1487 4422 ibidem
1511 4361 1607 4423 evicit
1631 4373 1664 4422 et
1688 4381 1723 4420 se
1748 4361 1790 4422 in·

238 4468 364 4530 misisse
387 4469 428 4530 ad
453 4468 670 4530 excidendum
696 4487 835 4548 quercus
858 4466 1042 4530 huiusmodi
1066 4465 1236 4530 consessus
1260 4479 1324 4545 est;
1348 4479 1471 4528 etcum
1492 4469 1598 4550 agitur
1622 4468 1704 4528 inter
1720 4488 1789 4547 per·

237 4593 334 4635 sonas
357 4574 521 4637 seculares
551 4575 724 4637 occasione
755 4575 800 4638 rei
824 4573 985 4646 secularis,
1019 4575 1134 4655 petivit
1165 4575 1332 4636 dominum
1366 4594 1498 4637 causam
1530 4574 1712 4635 huiusmodi
1747 4575 1789 4636 ad

238 4679 386 4742 iudicium
411 4681 557 4744 seculare
580 4682 710 4744 remitti.
743 4681 787 4744 Et
811 4681 895 4744 dnus
919 4682 1023 4744 Rmus
1047 4682 1203 4744 remisit..

450 4873 491 4936 A.
522 4891 613 4953 1499,
637 4871 792 4937 Octobris
817 4891 844 4954 3,
870 4876 899 4936 in
926 4873 1129 4954 Mankolyno
1153 4876 1184 4934 in
1209 4874 1298 4936 curia
1321 4873 1510 4956 episcopali.

346 4995 434 5066 182.
458 4998 557 5080 (Acta
580 5000 679 5080 episc.
705 4999 809 5080 vul..
834 4999 953 5062 Coram
980 4999 1099 5062 Rmo..
1124 4999 1190 5061 dno
1214 4997 1395 5062 Vincencio
1419 4997 1458 5060 D.
1483 5019 1511 5080 g.
1538 4999 1694 5080 episcopo
1719 4996 1789 5059 Plo·

236 5108 333 5178 censi,
357 5106 398 5169 R.
422 5106 500 5169 Mtis
531 5109 562 5168 in
588 5126 685 5170 causa
708 5105 912 5186 infrascripta
936 5107 1167 5178 commissario,
1193 5105 1268 5167 dum
1293 5105 1411 5168 nobilis
1436 5103 1574 5168 Iacobus
1591 5103 1722 5187 Czayka
1747 5105 1788 5168 de

237 5211 348 5295 Szyky
371 5215 536 5294 terrigena
559 5213 723 5276 districtus
748 5212 917 5276 Plonensis
940 5233 1012 5274 eum
1037 5211 1250 5275 citacionibus
1276 5213 1314 5274 R.
1337 5212 1414 5274 Mtis
1438 5223 1552 5274 contra
1576 5212 1701 5275 nobiles
1724 5213 1787 5276 He·

237 5320 342 5382 lenam
366 5321 510 5383 relictam
536 5319 612 5382 olim
638 5321 753 5384 nobilis
778 5319 912 5384 Andree
936 5317 1061 5381 Banbol
1085 5330 1118 5380 et
1142 5317 1319 5382 Iohannem
1345 5321 1526 5400 privignum
1552 5319 1677 5383 Helene
1700 5321 1787 5382 dicti·

237 5446 299 5508 que
322 5426 457 5490 Andree
490 5425 585 5490 filium
620 5428 733 5506 petIvit
758 5427 910 5490 Rmum..
943 5427 1041 5487 dnum
1067 5425 1279 5488 Vincencium
1312 5429 1504 5508 episcopum
1537 5427 1727 5488 Plocensem
1752 5439 1787 5488 ut

236 5534 490 5596 commissarium
522 5535 713 5614 predictum,
745 5537 789 5594 uti
814 5535 906 5597 iuxta
929 5534 1113 5595 astaciones
1142 5535 1352 5594 terminorum
1385 5535 1427 5596 ad
1451 5534 1625 5596 citaciones
1650 5535 1785 5612 primam

236 5651 268 5705 et
292 5640 466 5704 secundam
491 5641 578 5703 bona
602 5643 822 5721 predictorum
850 5639 973 5702 Helene
1006 5652 1038 5701 et
1063 5639 1214 5700 Iohannis
1246 5641 1276 5699 in
1302 5637 1498 5720 Comunyno
1523 5641 1614 5702 iuxta
1638 5653 1785 5701 tenorem
