4392 6672
810 672 990 724 Auuonuu
1010 671 1194 728 αττ-1478.
1738 691 1780 757 47

229 762 329 770 -——-
335 763 698 773 ——ae———n-ss—

333 883 513 949 Stanislaus
536 883 616 948 filius
641 883 777 966 Sychno
802 885 842 947 de
865 885 1065 968 Lysalrowo,
1090 885 1247 968 parochia
1270 886 1402 958 ibidem,
1427 886 1532 948 dicam
1557 905 1638 949 cere.

334 991 579 1056 Swantboslaus
604 993 842 1056 molendinator
874 993 914 1055 de
939 991 1145 1056 Orzechowo
1169 993 1272 1056 dicam
1297 1013 1382 1068 cere,
1413 992 1567 1076 parochia
1598 995 1631 1056 in
1655 994 1779 1058 Pomni-

228 1100 353 1162 chowo.

333 1206 481 1270 Thomas
505 1205 690 1287 oppidanus
713 1207 755 1268 de
779 1205 968 1286 Syroczecz‚
994 1205 1148 1287 parochia
1172 1207 1301 1280 ibidem,
1325 1207 1431 1268 dicam
1456 1227 1539 1270 cere.

333 1313 495 1376 Iohannes
518 1311 599 1374 filius
625 1313 796 1374 Venceslai
821 1314 863 1375 de
888 1311 1105 1384 Grudowsko,
1130 1313 1284 1395 parochia
1308 1313 1439 1387 ibidem,
1463 1313 1568 1374 dicam
1592 1334 1674 1375 cere.

334 1421 451 1483 Paulus
474 1419 590 1482 Zelazo
614 1422 655 1481 de
680 1418 896 1501 Czebnyewo‚
921 1421 1074 1502 parochia
1099 1423 1129 1482 in
1155 1417 1379 1502 Sachoczyno,
1403 1420 1509 1482 dicam
1533 1440 1614 1482 cere.

333 1529 495 1591 Iohannes
518 1527 560 1591 de
585 1526 779 1600 Gostlrowo,
804 1528 957 1608 parochia
980 1529 1011 1588 in
1036 1527 1209 1606 Zampska,
1233 1528 1348 1589 dicam.

333 1635 474 1697 Mathias
498 1633 640 1696 Kaletha
672 1645 705 1698 et
730 1633 884 1696 Nicolaus
915 1633 1107 1716 Nowothny
1139 1635 1181 1696 de
1204 1634 1332 1714 Roslry,
1365 1633 1518 1715 parochia
1548 1635 1581 1694 in
1604 1632 1779 1715 Golynino,

227 1741 308 1804 duas
332 1742 430 1804 dicas.

333 1847 445 1912 Simon
471 1849 511 1910 de
535 1845 742 1924 Ostralanka,
766 1848 984 1930 parochianus
1008 1848 1136 1918 ibidem.
1160 1849 1276 1910 dicam.

332 1955 448 2018 Petrus
471 1954 657 2036 Bylyczycz
681 1955 722 2018 de
746 1955 886 2025 Zathori,
911 1954 1066 2035 parochia
1088 1955 1217 2024 ibidem,
1243 1953 1350 2016 dicam
1374 1973 1459 2015 cere.

333 2061 474 2124 Mathias
498 2071 531 2123 et
554 2060 734 2124 Stanislaus
760 2063 931 2124 familiares
956 2063 1008 2122 dni
1033 2059 1162 2142 Rogala
1186 2063 1227 2122 de
1253 2057 1461 2141 Wyelgolasz
1493 2059 1608 2122 fratres
1631 2061 1711 2123 duas
1735 2071 1779 2123 te·

225 2179 343 2231 nentur
366 2171 456 2230 dicas
479 2189 561 2244 cere,
587 2168 741 2250 parochia
764 2171 794 2230 in
821 2166 980 2251 Obrylhe.

332 2275 471 2338 Iacobus
495 2285 527 2338 et
551 2275 713 2338 Iohannes
738 2277 883 2358 germani
916 2273 1078 2354 patrueles
1102 2276 1143 2336 de
1167 2272 1367 2354 Kownathy‚
1399 2273 1554 2354 parochia
1582 2275 1613 2334 in
1639 2274 1780 2337 Czecho-

226 2403 309 2454 now,
334 2383 414 2446 duas
437 2382 535 2446 dicas.
1447 2455 1450 2463 .

332 2489 472 2553 Mathias
496 2491 538 2552 de
562 2487 823 2569 Obyerzanowo,
848 2490 963 2553 Petrus
987 2492 1028 2553 de
1052 2488 1241 2552 Dabrowlra
1265 2499 1298 2551 et
1322 2485 1505 2551 Stanislaus
1527 2507 1630 2570 gener
1653 2489 1778 2568 Nyecz-

225 2597 322 2658 kowa
346 2597 386 2658 de
412 2595 565 2660 Makowo
590 2617 705 2658 omnes
729 2609 795 2660 tres
819 2599 916 2672 dican,
941 2596 1097 2679 parochia
1120 2599 1264 2657 omnium
1288 2595 1320 2656 in
1343 2595 1508 2658 Makowo

332 2703 473 2766 Mathias
498 2717 530 2765 et
554 2702 719 2766 Iohannes
743 2706 887 2786 germani
912 2705 953 2767 de
978 2703 1162 2785 Cyroczecz
1186 2703 1268 2766 duas
1292 2703 1391 2765 dicas.

332 2809 502 2873 Abraham
526 2811 567 2872 de
590 2811 765 2886 lanczewo,
791 2810 945 2892 parochia
968 2813 998 2872 in
1024 2811 1128 2879 Zuzel.
1153 2811 1260 2872 dicam
1285 2829 1368 2872 cere.

332 2915 467 2980 Nobiles
490 2917 651 2980 lohannes
675 2927 709 2982 et
732 2919 869 2982 lacobus
894 2919 1040 2998 germani
1064 2917 1106 2979 de
1124 2917 1250 2996 Roslry,
1274 2916 1427 2998 parochia
1452 2918 1481 2978 in
1500 2913 1673 2996 Golynin0,
1697 2917 1778 2980 duas

224 3023 312 3085 dicas
336 3043 420 3086 cere.

331 3129 488 3192 Albertus
511 3129 553 3192 de
577 3129 794 3193 Chrosczewo
817 3130 898 3194 duas
921 3132 1009 3194 dicas
1032 3149 1120 3193 cere:
1152 3149 1248 3192 unam
1274 3149 1334 3210 pro
1358 3128 1444 3192 sesto
1470 3129 1680 3210 Margarethe
1705 3150 1777 3212 pro-

224 3237 302 3296 ximi
326 3239 409 3302 anni.
433 3235 528 3298 aliam
553 3240 721 3317 sequentis
745 3240 820 3300 anni
845 3259 905 3319 pro
930 3237 1046 3302 eodem
1073 3237 1165 3301 sesto.

331 3343 457 3406 Nobilis
480 3343 640 3405 lohannes
665 3344 706 3407 de
730 3343 954 3426 Chmyelewo,
978 3344 1134 3426 parochia
1157 3349 1188 3408 in
1214 3344 1374 3408 Clulrowo
1397 3346 1479 3406 duas
1502 3344 1592 3406 dieas
1616 3365 1697 3406 cere.

330 3449 457 3512 Nobilis
481 3449 618 3512 Michael
643 3452 683 3514 de
709 3449 949 3533 Gromadzyno,
975 3451 1129 3531 parochia
1152 3454 1184 3514 in
1209 3452 1322 3526 Colno,
1346 3452 1428 3514 duas
1451 3451 1542 3513 dicas
1565 3471 1647 3512 cere.

329 3555 477 3619 Thomas
500 3559 542 3620 de
566 3557 728 3639 Czyzewo
752 3559 857 3620 dicam
882 3580 963 3628 cere,
987 3559 1143 3640 parochia
1167 3559 1297 3622 ibidem.

330 3661 578 3726 Swanthoslaus
602 3667 643 3728 de
673 3666 862 3746 Prassznysz
886 3667 992 3729 dicam
1017 3687 1099 3728 cere.

330 3767 510 3834 Stanislaus
534 3773 576 3834 de
601 3773 724 3853 Razny,
750 3773 905 3854 parochia
929 3775 960 3836 in
985 3773 1119 3848 Bransk,
1144 3773 1250 3837 dicam
1275 3793 1358 3838 cere.

331 3875 493 3940 Iohannes
517 3879 658 3942 Zaczecz
682 3880 722 3941 de
746 3879 910 3952 Slubowo,
936 3881 1090 3962 parochia
1116 3884 1147 3943 in
1172 3881 1347 3964 Nyegowo
1371 3880 1476 3943 dicam
1500 3899 1583 3942 cere.

330 3979 593 4068 Circumspectus
617 3988 777 4051 lohannes
802 3987 978 4072 Crawyecz
991 3991 1011 4070 1)
1035 3989 1076 4052 de
1096 3988 1325 4053 Czechonowo
1349 3990 1429 4052 duas
1453 3989 1542 4052 dicas
1566 4005 1654 4050 cere:
1679 4005 1774 4048 unam

223 4109 283 4170 pro
309 4091 393 4154 sesto
418 4113 441 4155 s.
468 4093 569 4156 Marie
594 4095 799 4177 Magdalene,
824 4096 919 4159 aliam
944 4118 1004 4178 pro
1029 4099 1297 4178 sequentianno.

329 4197 496 4263 Honestus
522 4201 681 4266 Albertus
705 4203 747 4266 de
771 4202 967 4286 Lubomyna
991 4213 1121 4267 tenetur
1144 4203 1249 4266 dicam
1273 4223 1346 4264 cere
1371 4201 1534 4283 profesto
1558 4201 1681 4264 Pasche
1705 4221 1776 4282 pro

221 4305 308 4365 xime
332 4317 479 4377 venturo,
503 4309 719 4387 parochianus
743 4309 784 4372 de
809 4310 1029 4394 Noschylslro.

328 4411 455 4475 Nobilis
479 4413 633 4477 Nicolaus
657 4417 699 4479 de
718 4415 930 4498 Obydrzyno‚
954 4417 1109 4500 parochia
1133 4420 1164 4478 in
1181 4415 1316 4496 Paluky,
1339 4429 1469 4479 tenetur
1484 4415 1565 4478 duas
1581 4415 1672 4478 dicas
1688 4433 1775 4478 cere:

222 4537 318 4579 unam
344 4539 403 4597 pro
428 4519 513 4582 festo
537 4520 661 4584 Pasche
686 4545 780 4604 prox.
805 4525 947 4587 venienti
978 4535 1011 4587 et
1035 4525 1130 4587 aliam
1162 4543 1222 4605 pro
1247 4524 1364 4586 eodem
1390 4522 1475 4586 sesto
1499 4525 1667 4604 sequentis
1691 4523 1774 4584 anni.

325 4623 504 4688 Stanislaus
528 4627 663 4708 Pyenka
686 4631 728 4693 de
752 4629 898 4713 Zathory
922 4631 1020 4694 solvit
1043 4631 1071 4692 ll
1095 4651 1141 4712 gr.
1165 4651 1225 4711 pro
1250 4649 1333 4693 cera.

328 4731 489 4795 Troianus
514 4735 554 4796 de
571 4735 748 4811 Moczarze‚
773 4738 928 4818 parochie
950 4739 982 4800 in
999 4736 1161 4816 Burzyn0,
1185 4739 1291 4799 dicam
1307 4756 1381 4798 cere
1403 4757 1463 4815 pro
1481 4736 1560 4799 feria
1575 4735 1631 4800 Vt·
1647 4754 1774 4816 magna.

433 4925 475 4988 A.
505 4927 596 5008 1478,
620 4929 727 4993 Martii
754 4946 803 5008 30,
827 4932 859 4991 in
883 4931 1077 4992 consistorio
1100 4929 1332 4992 Polthoviensi.

332 5045 417 5114 126.
448 5051 546 5131 (Acta
570 5052 654 5116 offic.
680 5053 745 5136 IV).
779 5055 812 5116 ln
837 5073 935 5117 eausa
960 5053 1115 5116 nobilium
1141 5053 1216 5116 Ade
1240 5055 1281 5116 de
1306 5053 1437 5115 Kathne
1461 5073 1534 5116 cum
1559 5051 1657 5114 nobili
1681 5049 1772 5112 Luca

219 5153 259 5215 de
283 5154 423 5238 Rostlry‚
459 5159 571 5220 honor.
603 5159 764 5222 lohannes
800 5159 1048 5242 Parznyewsky,
1084 5163 1259 5222 canonicus
1293 5158 1543 5234 Polthoviensis,
1577 5169 1772 5240 procurator

219 5260 295 5323 Ade
322 5263 493 5342 legitimus,
518 5265 601 5327 hanc
626 5269 888 5348 proposicionem
913 5269 944 5328 in
968 5269 1130 5348 scriptis..
1155 5265 1282 5328 obtulit:
1309 5264 1429 5328 Coram
1453 5267 1547 5328 vobis
1570 5285 1680 5329 vener.
1703 5265 1772 5326 viro

219 5387 313 5448 mgro
337 5369 462 5432 Mathia
493 5373 534 5432 de
559 5371 742 5436 Sluzeviecz
773 5374 979 5436 decretorum
1013 5375 1156 5447 doctore,
1192 5373 1421 5434 archidiacono
1452 5384 1487 5436 et
1510 5371 1641 5434 ossrciali
1665 5370 1771 5433 Polto·

218 5475 338 5544 viensi‚
370 5497 433 5557 ego
458 5476 619 5541 lohannes
643 5479 758 5542 nobilis
783 5481 859 5544 Ade
883 5492 1074 5560 procurator
1097 5491 1211 5542 contra
1235 5477 1377 5540 nobilem
1401 5477 1525 5540 Lucam
1550 5479 1591 5540 de
1616 5476 1771 5558 Rosthky

325 5707 345 5771 ¹)
363 5707 404 5756 Ns
424 5707 545 5757 interlinil
564 5707 616 5756 uad
634 5715 687 5773 lym
707 5723 828 5773 wyrezem
847 5716 873 5757 ts
891 5723 962 5756 same
980 5707 1041 5771 reka
1060 5706 1189 5770 nnpisnln:
1212 5715 1333 5755 »sartor«.
