4458 6674
943 692 1032 743 ANNI
1051 689 1128 744 1502.
1769 699 1810 776 87

307 781 313 788 ι
342 781 418 789 ...Η-
471 781 529 788 a...-

255 905 297 966 de
321 904 447 968 decima
471 905 502 964 in
527 902 663 986 Glynky
686 906 913 987 interrogatus,
947 907 1128 988 respondit:
1160 925 1257 968 unum
1282 925 1431 968 mansum
1455 906 1597 970 locatum
1622 907 1664 970 de
1687 908 1810 988 predio,

255 1013 286 1073 in
305 1032 370 1093 quo
395 1013 539 1075 resident
556 1011 603 1073 lV
620 1011 815 1075 kmethones
839 1014 871 1074 in
888 1013 1019 1093 quartis
1044 1013 1194 1075 videlicet
1210 1013 1327 1075 Paulus
1344 1013 1435 1086 Lida,
1460 1013 1624 1076 lohannes
1639 1012 1812 1091 Szosthelt,

256 1119 386 1182 Marcus
409 1131 443 1182 et
467 1117 617 1182 Allexius
641 1097 810 1201 Smyczelt'
836 1131 869 1182 et
894 1121 1042 1194 ortulani,
1074 1121 1128 1200 qui
1153 1121 1256 1182 eciam
1281 1133 1355 1182 sunt
1380 1120 1477 1183 locati
1509 1123 1550 1184 ab
1576 1123 1712 1203 antiquo
1736 1133 1812 1183 ante

255 1238 290 1288 et
313 1241 389 1308 post
416 1225 501 1288 bella
526 1226 737 1290 Prutenicalia
761 1247 805 1288 ex
829 1229 957 1308 predio;
982 1235 1090 1308 preter
1113 1225 1174 1288 hec
1198 1227 1280 1289 alios
1304 1228 1387 1290 dixit
1410 1247 1525 1290 omnes
1549 1227 1810 1292 kmethonales,.

471 1419 511 1480 n.
541 1433 633 1500 1502,
655 1417 779 1499 Aprilis
804 1435 854 1498 29,
878 1419 909 1478 in
934 1417 1081 1500 Zyelona
1106 1419 1137 1480 in
1162 1418 1246 1482 curia
1272 1419 1459 1502 episcopali.

363 1540 452 1610 208.
477 1543 575 1625 (Acta
598 1545 696 1625 episc.
721 1543 772 1620 la)
795 1543 952 1606 Testes
973 1564 1071 1624 super
1094 1543 1228 1606 decimis
1245 1545 1276 1604 in
1293 1543 1438 1607 Srensko
1459 1548 1582 1626 recepti
1603 1547 1711 1610 medio
1732 1548 1810 1610 iura-

257 1662 380 1714 mento:

361 1757 524 1820 Primus
547 1760 641 1821 testis
657 1757 773 1820 nobilis
797 1757 959 1820 Iohannes
983 1757 1024 1820 de
1040 1757 1246 1821 Panczkowo
1263 1757 1303 1819 de
1320 1759 1417 1820 armis
1433 1759 1692 1822 Bolestharum„
1717 1763 1811 1824 inter·

256 1875 390 1946 rogatus
414 1865 455 1928 de
479 1865 673 1946 antiquitate
706 1865 879 1928 locacionis
907 1875 941 1928 et
969 1867 1202 1945 extirpacionis
1231 1866 1416 1947 prediorum
1445 1867 1475 1928 in
1504 1867 1578 1930 villa
1607 1867 1811 1930 Panczkowo

256 1974 433 2052 respondit,
466 1973 554 2053 quod
586 1971 715 2034 fuerunt
748 1973 813 2034 duo
844 1971 970 2035 iratres:
1005 1991 1087 2034 unus
1116 1971 1315 2034 Veloborius
1347 1983 1381 2035 et
1412 1973 1494 2035 alter
1521 1973 1688 2046 tilbertus,
1728 1994 1811 2054 quos

256 2079 338 2144 dixit
364 2079 485 2142 habere
512 2080 659 2160 predium
687 2081 719 2140 in
746 2077 948 2142 Panczkowo
976 2099 1019 2142 ex
1047 2081 1180 2159 antiquo
1209 2091 1285 2142 ante
1318 2089 1351 2141 et
1379 2091 1455 2161 post
1485 2079 1569 2143 bella
1598 2081 1811 2144 Prutenicalia

256 2198 364 2269 preter
388 2187 470 2250 alios
494 2206 591 2268 agros
615 2185 852 2258 kmethonales,
876 2186 1051 2267 dequibus
1074 2184 1137 2249 illis
1160 2189 1281 2266 prediis
1305 2207 1365 2266 per
1381 2188 1506 2250 nobiles
1531 2187 1626 2250 cultis
1650 2187 1811 2270 plebanus

257 2296 287 2356 in
304 2293 467 2358 Srzensko
491 2294 651 2357 decimam
675 2293 820 2368 tollebat,
845 2304 879 2356 et
895 2294 977 2356 dnus
993 2293 1179 2375 Episcopus
1203 2305 1280 2373 post
1303 2292 1499 2356 kmethones
1522 2293 1554 2354 in
1579 2294 1687 2357 medio
1709 2295 1810 2357 tercio

256 2421 371 2464 manso
394 2401 529 2473 locatos,
562 2412 595 2464 et
619 2400 750 2464 tandem
783 2400 900 2462 nobilis
931 2401 1079 2472 lacobus,
1103 2399 1202 2464 frater
1225 2419 1400 2480 germanus
1431 2401 1534 2472 testis,
1567 2401 1687 2464 locavit
1712 2422 1809 2464 unum

256 2507 467 2571 kmethonem
492 2511 523 2569 in
548 2529 611 2569 una
635 2517 750 2588 quarta
773 2507 814 2569 de
830 2527 911 2587 agro
929 2528 989 2570 suo
1006 2505 1153 2587 prediali3
1178 2509 1403 2590 interrogatus,
1421 2529 1439 2568 a
1457 2519 1537 2589 quot
1553 2511 1645 2570 annis
1665 2507 1811 2590 prefatus

256 2615 391 2678 kmetho
414 2615 446 2676 in
470 2613 653 2676 huiusmodi
677 2625 794 2697 quarta
816 2615 942 2676 locatus
959 2618 1009 2690 sit,
1034 2617 1215 2696 respondit:
1239 2617 1388 2678 adecem
1413 2615 1465 2678 vel
1482 2615 1565 2678 ultra
1588 2617 1688 2680 annis.
1713 2615 1810 2679 Inter·

256 2731 389 2802 rogatus
414 2723 517 2783 eciam
552 2723 593 2784 de
618 2721 788 2784 locatione
819 2722 962 2784 eiusdem
988 2721 1061 2784 ville
1085 2721 1290 2784 Panczkowo
1322 2723 1421 2784 etde
1445 2724 1541 2803 agris,
1574 2743 1657 2803 quos
1681 2721 1811 2786 dicebat

256 2829 425 2911 prediales,
449 2831 543 2892 testis
568 2850 633 2892 non
657 2830 803 2893 meminit
827 2849 938 2898 annos,
962 2829 1045 2892 dixit
1069 2839 1193 2892 tamen:
1222 2841 1255 2892 et
1278 2849 1375 2891 avum
1399 2849 1491 2891 suum
1516 2829 1577 2892 hec
1602 2829 1714 2910 predia
1737 2849 1811 2911 pos·

255 2937 361 2999 sidere
394 2949 428 3000 et
451 2937 559 3000 colere
591 2947 701 3017 preter
725 2956 856 2998 mansos
881 2935 1122 3008 kmethonales,
1154 2955 1237 3016 quos
1260 2937 1342 3000 dixit
1374 2957 1446 2998 esse
1471 2937 1612 3017 quinque
1645 2937 1676 2998 in
1700 2937 1810 2998 medio

256 3045 357 3106 tercio
381 3063 497 3107 manso
520 3045 682 3108 locatos„

362 3147 453 3216 209.
477 3151 631 3233 (Ibidem).
655 3151 737 3215 Item
761 3162 902 3214 testes
926 3171 1025 3230 super
1047 3152 1181 3214 decimis
1205 3151 1237 3214 in
1261 3151 1404 3232 Zyelona
1430 3151 1562 3232 recepti,
1587 3162 1620 3214 et
1644 3151 1762 3231 primo:

362 3259 489 3322 Nobilis
513 3257 677 3322 Iohannes
701 3260 742 3322 de
767 3258 937 3320 Cuczbork
961 3261 1058 3321 etatis
1082 3279 1239 3320 annorum
1263 3257 1324 3322 XC
1348 3268 1404 3320 aut
1420 3261 1509 3330 citra,
1534 3269 1569 3321 ut
1593 3259 1811 3339 apparebat..

255 3367 474 3447 interrogatus
507 3367 548 3428 de
572 3369 692 3448 prediis
724 3387 767 3430 ex
792 3387 875 3432 nova
899 3366 1008 3428 radice
1041 3366 1072 3426 in
1097 3365 1170 3452 villa
1193 3365 1340 3448 Zyelona
1372 3367 1487 3428 locatis
1512 3365 1689 3445 respondit,
1722 3365 1809 3445 quod

255 3483 330 3535 sunt
352 3475 413 3536 tria
437 3475 549 3555 predia
573 3494 616 3536 ex
631 3475 776 3555 antiquo,
800 3494 863 3555 que
879 3474 993 3554 predia
1017 3472 1142 3536 nobiles
1158 3475 1324 3546 tenebant,
1347 3475 1499 3536 videlicet
1516 3471 1640 3536 nobiles
1657 3471 1811 3536 Nicolaus

256 3601 363 3657 unum,
395 3581 572 3644 secundum
596 3580 772 3644 Lodwicus
803 3593 837 3644 et
861 3583 994 3644 tercium
1023 3582 1166 3652 lacobus,
1199 3579 1315 3644 iratres
1339 3580 1493 3661 germani,
1526 3581 1632 3660 patrui
1663 3581 1810 3662 germani

255 3688 373 3770 prefati
398 3689 527 3770 plebani
552 3691 582 3750 in
607 3689 761 3772 Zyelona,
787 3701 949 3770 postque
974 3689 1087 3770 predia
1111 3689 1270 3770 plebanus
1295 3688 1325 3748 in
1350 3686 1494 3768 Zyelona
1518 3707 1650 3768 semper
1673 3687 1810 3750 decima-

256 3798 321 3867 bat,
344 3799 478 3860 tandem
503 3797 678 3860 modernus
695 3797 854 3877 plebanus
870 3808 947 3878 post
964 3807 1102 3859 mortem
1118 3795 1264 3858 Lodwici
1282 3795 1383 3876 patris
1399 3795 1450 3856 sui
1466 3791 1585 3858 locavit
1602 3813 1662 3856 sex
1679 3812 1810 3858 mansos

255 3904 297 3965 de
321 3905 434 3983 predio
457 3904 594 3985 predicti
617 3905 774 3984 genitoris
797 3907 845 3965 sui
871 3903 1109 3974 kmethonibus,
1134 3905 1188 3984 qui
1212 3915 1246 3966 et
1270 3901 1370 3964 modo
1394 3901 1536 3964 resident
1560 3901 1602 3964 ab
1627 3901 1720 3964 annis
1743 3899 1809 3964 XV

255 4021 289 4073 et
313 4011 408 4088 ultra;
440 4022 517 4092 post
540 4011 736 4074 kmethones
768 4013 808 4074 de
833 4010 967 4092 prelatis
994 4012 1081 4092 agris
1106 4011 1302 4090 predialibus
1327 4007 1441 4071 locatis
1466 4008 1607 4070 factores
1639 4008 1693 4070 dni
1716 4005 1810 4088 Epis-

255 4119 329 4199 copi
353 4118 569 4192 decimabant,
603 4131 637 4182 ut
661 4121 755 4182 testis
778 4119 890 4188 credit,
922 4121 1042 4182 virtute
1064 4117 1158 4180 laudi.
1195 4117 1276 4179 Item
1301 4117 1521 4196 interrogatus
1552 4116 1593 4177 de
1617 4116 1731 4195 predio
1755 4115 1809 4176 dni

255 4223 349 4300 Petri,
382 4227 467 4290 unde
491 4228 541 4302 sit,
575 4227 752 4306 respondit,
790 4226 878 4306 quod
909 4227 952 4289 de
976 4228 1063 4306 agris
1094 4225 1357 4288 kmethonalibus
1388 4227 1419 4286 in
1444 4234 1516 4286 toto
1548 4234 1581 4284 et
1612 4232 1690 4302 post
1721 4219 1808 4302 quod

256 4333 403 4414 predium
428 4334 602 4414 plebanum
627 4334 709 4396 dixit
733 4332 848 4396 tollere
873 4334 1042 4396 decimam.
1082 4333 1164 4395 ltem
1188 4334 1407 4410 interrogatus
1430 4331 1471 4392 de
1495 4330 1609 4411 predio
1633 4327 1698 4390 dne
1721 4328 1809 4390 laco·

257 4441 352 4504 bowa
376 4439 569 4523 Zyelonska,
594 4441 686 4515 dixit,
718 4443 805 4522 quod
828 4439 928 4502 habet
953 4440 1112 4521 quosdam
1137 4459 1235 4520 agros
1259 4439 1420 4520 prediales
1444 4457 1524 4516 pure
1548 4458 1592 4500 ex
1615 4437 1750 4516 antiquo
1775 4446 1809 4498 et

256 4549 338 4610 ultra
362 4547 422 4609 hec
446 4547 592 4630 expulsis
623 4547 854 4610 kmethonibus
886 4548 957 4610 sola
988 4546 1065 4610 colit
1097 4567 1195 4628 agros
1219 4545 1456 4619 kmethonales,
1490 4563 1574 4624 quos
1605 4546 1637 4606 in
1661 4543 1809 4624 predium

256 4655 381 4728 adiecit,
413 4667 446 4718 et
470 4654 643 4736 plebanum
668 4665 745 4736 post
769 4655 913 4728 eosdem,
949 4657 1043 4717 testis
1067 4652 1229 4734 deposuit,
1262 4654 1377 4716 tollere
1400 4653 1569 4715 decimam.
1608 4650 1690 4712 ltem
1715 4651 1809 4714 testis

255 4761 414 4842 deposuit,
440 4763 527 4842 quod
552 4762 810 4843 supranominati
833 4760 960 4823 nobiles
985 4763 1074 4842 paria
1091 4761 1272 4824 habuerunt
1297 4761 1420 4841 predia,
1444 4779 1576 4822 mansos
1601 4769 1712 4820 tamen
1736 4777 1809 4838 spe·

256 4867 382 4930 cistcare
408 4870 551 4932 nescivit.
585 4868 665 4932 ltem
691 4869 911 4949 interrogatus
934 4869 975 4930 de
1000 4866 1192 4950 Gosczyska
1216 4868 1394 4948 respondit,
1430 4868 1518 4948 quod
1543 4865 1670 4929 luerunt
1694 4864 1807 4928 decem

244 4977 360 5038 ¹mansi
383 4977 485 5057 predii
509 4997 552 5038 ex
577 4979 721 5058 antiquo,
752 4979 783 5038 in
808 4976 926 5058 quibus
950 4977 1070 5038 residet
1093 4975 1191 5038 hodie
1215 4975 1298 5036 dnus
1322 4973 1435 5036 Petrus
1468 4974 1561 5036 heres
1584 4971 1659 5034 ville
1683 4971 1808 5051 prelate

256 5095 289 5145 et
312 5084 395 5148 ultra
426 5086 608 5166 predictum
641 5085 788 5166 predium
820 5093 895 5146 sunt
927 5084 996 5163 agri
1020 5081 1247 5145 kmethonales
1278 5101 1403 5154 ornnes,
1434 5089 1511 5163 post
1542 5099 1625 5160 quos
1656 5099 1717 5160 pro
1741 5079 1808 5142 dno

255 5189 422 5273 Episcopo
446 5192 572 5254 decima
595 5191 727 5254 tollitur.
765 5191 991 5271 Interrogatus
1022 5191 1064 5252 de
1088 5188 1248 5252 Cossowo
1272 5189 1452 5271 respondit,
1485 5185 1573 5268 quod
1605 5206 1648 5248 ex
1670 5185 1807 5267 antiquo

251 5296 384 5361 ¹suerunt
402 5299 535 5360 nobiles
559 5311 592 5362 et
608 5309 686 5380 post
709 5297 794 5360 bella
810 5297 1024 5359 Protenicalia
1047 5296 1175 5360 fuerunt
1199 5295 1296 5358 locati
1320 5298 1385 5358 duo
1402 5295 1607 5368 kmethones,
1632 5303 1709 5374 post
1725 5312 1808 5373 quos

256 5405 350 5468 testis
373 5407 511 5486 ignorat,
536 5409 608 5486 quis
624 5406 762 5470 tollebat
786 5407 959 5482 decimam;
982 5404 1080 5467 hodie
1098 5416 1215 5474 tamen,
1241 5413 1275 5465 ut
1291 5404 1385 5465 testis
1401 5403 1562 5483 deposuit,
1588 5401 1694 5466 dictos
1710 5419 1808 5483 agros

255 5513 286 5574 in
311 5509 472 5575 Cossowo
495 5513 606 5578 colunt
629 5516 745 5578 itemm
767 5514 905 5587 nobiles,
930 5523 1007 5595 post
1023 5532 1107 5594 quos
1122 5511 1276 5592 deposuit
1299 5509 1415 5573 tollere
1438 5511 1599 5572 decimam
1624 5507 1807 5588 plebanum,

256 5619 319 5682 alia
340 5621 452 5682 nescit.

362 5725 583 5791 Secundus
608 5725 726 5815 [testis]
752 5729 868 5790 nobilis
893 5728 1132 5809 Wlodzymirus
1157 5726 1199 5788 de
1224 5723 1430 5807 Clyczewo..
1453 5725 1675 5803 interrogatus
1699 5719 1807 5782 medio
