4458 6674
430 683 475 762 9⁶
884 667 1607 768 „recusares-seeum
1729 761 1739 768 .

430 895 584 956 baciones
608 895 831 956 exercuerunt,
855 883 968 944 librum
994 883 1130 944 ecclesie
1155 880 1316 944 missalem
1341 883 1383 943 ab
1400 883 1491 944 altari
1516 885 1546 944 vi
1564 883 1794 946 abstraxerunt
1818 894 1851 947 et
1875 885 1983 946 claves

432 999 569 1062 ecclesie
592 1007 627 1060 et
649 993 851 1056 offertorium
875 991 986 1052 altaris
1009 999 1184 1068 rapuerunt
1208 999 1241 1051 et
1265 989 1325 1050 sibi
1351 1001 1557 1070 usurparunt,
1583 1009 1642 1052 uec
1666 991 1715 1052 his
1738 994 1884 1054 contenti
1908 989 1984 1053 divi-

431 1127 545 1170 norum
570 1099 886 1186 prophanacionibus
916 1117 972 1158 seu
998 1097 1307 1178 perturbacionibus,
1339 1097 1523 1158 sedeciam
1556 1099 1587 1158 vi
1611 1099 1770 1160 irruentes
1800 1097 1918 1160 eodem
1941 1099 1984 1158 in·

431 1215 530 1276 stanti
552 1213 586 1272 in
609 1209 741 1270 domum
768 1205 973 1288 plebanalem
998 1204 1116 1264 ibidem
1140 1223 1239 1274 seras,
1262 1205 1379 1284 quibus
1403 1204 1510 1265 hostia
1527 1205 1635 1266 clausa
1659 1217 1759 1278 erant,
1784 1225 1983 1284 repercusse-

432 1331 506 1383 runt
529 1331 563 1382 et
586 1315 691 1398 gallos
714 1327 747 1376 et
764 1313 931 1392 cappone's
956 1323 1178 1374 mactaverunt
1203 1321 1236 1372 et
1252 1331 1312 1392 per
1336 1313 1493 1392 premissa
1518 1313 1607 1374 dicto
1624 1313 1689 1373 dno
1706 1313 1843 1374 Nicolao
1867 1315 1982 1374 rectori

432 1427 569 1489 iniuriati
595 1431 669 1485 sunt
693 1420 921 1502 perturbantes
945 1439 1018 1479 eum
1043 1419 1073 1478 in
1091 1419 1301 1499 possessione
1326 1437 1384 1480 sua
1401 1418 1543 1498 pacifica,
1569 1422 1732 1482 extimans
1755 1421 1900 1481 iniuriam
1919 1417 1983 1503 lad]

432 1531 550 1596 Cflor.
575 1531 720 1610 Hungar.
744 1539 776 1588 et
801 1539 918 1609 petens
942 1527 1031 1606 ipsos
1063 1527 1094 1586 in
1120 1526 1241 1586 eisdem
1274 1525 1514 1606 condempnari,
1547 1525 1625 1588 alias
1649 1547 1693 1588 ex
1716 1525 1811 1589 oficio
1836 1522 1875 1588 V.
1899 1525 1984 1588 Rme

433 1640 501 1702 Ptis
524 1639 653 1700 racione
686 1634 945 1716 perturbacionis
975 1632 1155 1694 divinorum
1187 1632 1442 1694 extraordinarie
1474 1633 1587 1712 puniri.
1626 1633 1679 1694 Ex
1702 1633 1840 1696 adverso
1870 1633 1984 1694 bonor.

432 1745 594 1808 lohannes
619 1743 659 1804 de
677 1741 874 1822 Wyeczwna
897 1739 1055 1800 dictorum
1082 1759 1213 1798 suorum
1239 1739 1507 1800 litisconsorcium
1526 1749 1750 1820 procurator..
1773 1743 1855 1802 citra
1870 1761 1984 1821 appro-

433 1855 601 1914 bacionem
626 1847 858 1910 iurisdiccionis
882 1865 939 1906 sue
965 1844 1049 1906 Rme
1067 1843 1135 1906 Ptis
1159 1846 1275 1926 petivit
1298 1847 1409 1925 copias
1434 1857 1467 1908 et
1491 1848 1664 1908 terminum
1689 1845 1817 1910 dicendi
1841 1857 1984 1910 contra..

434 1959 478 2021 Et
502 1960 605 2020 Rmus
637 1956 720 2016 dnus
743 1953 928 2034 Episcopus
959 1953 1071 2033 copias
1094 1951 1237 2013 decrevit
1269 1963 1302 2014 et
1326 1955 1530 2014 terminum..
1562 1955 1593 2014 in
1620 1951 1790 2016 Ploczkam
1823 1953 1987 2035 prefixit..

541 2059 631 2128 230.
662 2061 818 2140 (ibidem).
852 2058 935 2140 Mgr.
960 2055 1140 2120 Stanislaus
1164 2057 1386 2120 Dambrowlca
1419 2069 1611 2138 procurator
1634 2057 1765 2122 officii..
1789 2073 1902 2124 contra
1926 2059 1985 2123 dis·

434 2181 543 2236 cretos
566 2168 763 2233 Stanislaum
788 2169 829 2229 de
853 2164 1011 2248 Zyekluki
1035 2166 1259 2246 presbiterum.
1284 2165 1461 2228 Iohannem
1486 2167 1527 2229 de
1553 2167 1750 2248 lh'yecawna
1775 2181 1807 2230 et
1831 2165 1984 2230 Iacobum

434 2281 476 2342 de
501 2278 642 2358 Gostyn,
673 2285 846 2356 pretensos
870 2273 1014 2335 notarios
1046 2271 1086 2334 V.
1110 2271 1177 2334 Ptis
1202 2272 1286 2333 Rme
1309 2273 1457 2348 diocesis,
1481 2273 1583 2335 verbo
1608 2275 1787 2355 proposuit,
1819 2273 1986 2356 quomodo

434 2387 496 2468 ipsi
520 2403 606 2446 anno
634 2393 668 2444 et
692 2399 805 2442 meuse
828 2379 1031 2442 currentibus
1062 2381 1093 2440 in
1117 2389 1343 2460 contemptum
1376 2391 1409 2443 et
1434 2379 1651 2462 levipendium
1684 2381 1724 2444 V.
1748 2379 1815 2444 Ptis
1840 2381 1923 2443 Rme
1947 2399 1985 2442 ac

434 2493 682 2556 enervacionem
714 2487 945 2549 iurisdiccionis
975 2486 1120 2548 eiusdem
1153 2495 1187 2548 et
1211 2497 1325 2549 contra
1349 2487 1600 2566 disposicionem
1634 2497 1829 2551 statutorum
1860 2489 1985 2570 provin·

434 2601 561 2662 cialium
592 2609 625 2660 et
648 2597 895 2658 diocesanorum
919 2613 998 2655 ausu
1022 2595 1203 2665 temerario,
1235 2595 1417 2674 irrequisita
1441 2595 1481 2657 V.
1507 2595 1591 2657 Rma
1616 2595 1681 2668 Pte,
1714 2597 1872 2678 quosdam
1898 2615 1986 2677 pere·

435 2709 546 2788 grinos
569 2715 746 2766 extraneos
770 2711 803 2762 et
827 2701 1036 2762 inconsuetos
1060 2719 1233 2780 processus
1257 2704 1325 2762 ausi
1349 2713 1425 2764 sunt
1448 2705 1567 2782 exequi
1592 2705 1623 2763 in
1640 2702 1784 2766 ecclesiis
1808 2715 1841 2765 et
1866 2721 1985 2782 preser-

436 2817 492 2876 tim
517 2815 547 2874 in
565 2809 702 2873 ecclesia
728 2808 903 2889 parochiali
928 2805 1171 2870 Scolathowo..
1197 2810 1308 2888 utique
1325 2810 1430 2890 primo
1455 2817 1488 2870 et
1505 2808 1725 2889 principaliter
1741 2809 1987 2872 intitulabantur

436 2931 470 2984 et
492 2919 752 2982 inscribebantur
774 2934 812 2977 ac
835 2925 958 2977 temere
982 2927 1015 2976 et
1039 2915 1080 2976 de
1098 2914 1186 2977 lacto
1210 2917 1340 2978 executi
1364 2925 1447 2990 sunt,
1472 2919 1562 2998 ipsos
1585 2921 1688 2979 eciam
1713 2935 1820 2980 vener.
1845 2917 1911 2978 dno
1936 2913 1987 2975 Ni-

436 3028 532 3090 colao
555 3024 730 3106 Brolynslci
753 3025 784 3083 in
801 3023 888 3084 dicta
904 3019 1114 3084 Scolathowo
1138 3035 1251 3084 curato
1275 3025 1462 3094 intimando,
1487 3035 1519 3086 et
1535 3025 1654 3086 ibidem
1673 3029 1703 3086 in
1721 3026 1835 3087 eadem
1853 3023 1987 3086 ecclesia

438 3135 518 3196 inira
543 3136 712 3196 missarum
736 3129 881 3192 solennia
906 3129 1064 3192 clamores
1088 3141 1122 3192 ct
1137 3131 1331 3193 insolencias
1355 3143 1389 3195 et
1406 3130 1586 3194 divinorum
1610 3133 1877 3212 perturbaciones
1899 3149 1988 3191 exer·

438 3241 552 3317 cendo,
575 3250 693 3321 petens
716 3239 859 3312 eosdem,
883 3247 918 3299 ut
942 3239 1132 3300 temerarios
1156 3239 1417 3320 prophanatores
1441 3241 1654 3302 divinorum..
1680 3239 1816 3322 puniri..

651 3431 693 3496 A.
723 3445 812 3512 1503,
837 3431 906 3492 lulii
931 3445 981 3512 25,
1005 3432 1036 3492 in
1061 3429 1162 3493 Plock
1186 3433 1216 3492 in
1241 3432 1327 3494 curia
1351 3431 1539 3513 episcopali.

545 3555 635 3624 231.
659 3555 758 3638 (Acta
781 3556 880 3636 episc.
903 3555 989 3636 Ial..
1020 3553 1206 3618 Testes..
1239 3559 1416 3620 examinati
1449 3577 1548 3638 super
1571 3559 1795 3621 celebracione
1819 3559 1986 3621 missarum

437 3671 470 3731 ln
494 3667 631 3732 ecclesia
656 3663 755 3726 Plone
781 3681 841 3744 per
864 3660 1059 3724 Stanislaum
1085 3661 1250 3745 Clonycza
1274 3673 1382 3727 stante
1406 3663 1590 3728 interdicto:

546 3773 704 3834 Primus
735 3774 829 3833 testis
853 3768 1011 3832 honestus
1043 3769 1198 3831 Nicolaus
1229 3771 1270 3832 de
1295 3771 1403 3852 Pione,
1435 3774 1579 3834 minister
1610 3775 1744 3836 ecclesie
1773 3775 1806 3834 in
1835 3771 1988 3834 ibidem..

437 3885 663 3962 interrogatus,
689 3877 766 3959 quid
783 3878 843 3940 sibi
860 3887 1025 3939 constaret
1048 3878 1089 3940 de
1106 3876 1330 3940 celebracione
1347 3880 1516 3940 missarum
1535 3899 1594 3960 per
1610 3878 1805 3943 Stanislaum
1823 3877 1988 3959 Clonycza

439 3991 577 4051 durante
609 3985 847 4048 interdicto
871 3981 990 4045 ibidem
1015 3984 1046 4044 in
1072 3983 1179 4056 Pione,
1204 3984 1381 4064 respondit,
1415 3986 1504 4067 quod
1528 3988 1598 4068 ipse
1622 3985 1801 4050 Stanislaus
1826 3987 1988 4049 dominico

439 4097 491 4158 die
514 4094 587 4156 festi
612 4092 846 4154 Penthecostes
878 4109 968 4169 prox.
995 4091 1152 4168 preterito
1184 4090 1291 4152 divina
1315 4090 1421 4153 officia
1454 4095 1581 4173 peregit
1606 4095 1733 4174 publice
1764 4095 1795 4156 in
1822 4094 1989 4176 presencia

438 4203 605 4264 hominum
630 4200 796 4278 utriusque
821 4217 918 4258 sexus
942 4195 1213 4277 parochianorum
1238 4198 1277 4258 de
1302 4197 1409 4270 Pione,
1435 4210 1468 4260 et
1493 4203 1594 4261 eciam
1620 4199 1781 4282 deposuit,
1806 4202 1895 4281 quod
1919 4201 1989 4279 ipse

441 4305 621 4372 Stanislaus
645 4307 676 4367 in
700 4305 751 4366 die
775 4323 798 4366 s.
816 4303 984 4364 Trinitatis
1008 4301 1190 4364 claudendo
1215 4323 1250 4366 se
1275 4307 1386 4368 unicus
1410 4325 1482 4366 cum
1507 4309 1573 4368 dno
1599 4307 1742 4388 palatino
1767 4310 1796 4370 in
1822 4309 1989 4390 presencia

440 4417 540 4496 ipsius
571 4413 676 4474 divina
708 4411 898 4486 celebravit;
932 4411 1009 4473 item
1043 4413 1205 4492 deposuit,
1240 4415 1329 4492 quod
1360 4415 1390 4474 in
1416 4415 1524 4495 vigilia
1556 4415 1712 4498 Corporis
1735 4413 1856 4478 Christi
1888 4417 1988 4478 eciam

440 4523 551 4584 clauso
575 4539 610 4581 se
634 4537 706 4580 cnm
731 4517 798 4580 dno
823 4517 967 4597 palatino
991 4517 1021 4578 in
1046 4516 1183 4579 ecclesia
1206 4519 1237 4578 in
1262 4521 1431 4599 presencia
1455 4521 1555 4600 ipsius
1579 4522 1766 4600 celebravit;
1788 4525 1866 4586 item
1892 4523 1991 4600 depo-

440 4630 512 4700 suit,
537 4625 625 4708 quod
648 4625 721 4706 ipso
744 4625 797 4686 die
814 4621 970 4704 Corporis
987 4623 1106 4686 Christi
1131 4625 1257 4703 publice
1281 4625 1468 4704 celebravit;
1492 4629 1569 4690 item
1586 4630 1747 4710 deposuit,
1771 4629 1860 4710 quod
1880 4627 1900 4690 f.
1917 4625 1990 4690 Vl¹²

441 4747 516 4818 post
541 4732 700 4798 Octavam
732 4731 889 4812 Corporis
914 4727 1033 4793 Christi
1057 4731 1167 4792 clauso
1191 4751 1226 4793 se
1258 4751 1330 4793 cum
1357 4742 1441 4795 teste
1466 4735 1524 4796 sibi
1549 4737 1751 4798 ministrante
1783 4735 1990 4798 celebravit..

545 4836 635 4906 232.
659 4839 837 4921 (ibidem)..
861 4837 1053 4900 Testes..
1075 4839 1250 4900 examinati
1276 4856 1374 4921 super
1397 4841 1602 4904 involucione
1628 4843 1871 4923 panniculorum
1894 4844 1926 4904 in
1944 4861 1989 4903 re-

441 4948 556 5030 liquias
579 4961 613 5010 et
637 4947 842 5010 osculacione
867 4943 1051 5007 earundem.

548 5053 710 5117 Primus
733 5053 827 5116 testis
850 5052 1007 5114 honestus
1031 5051 1169 5114 lacobus
1192 5053 1233 5114 de
1258 5051 1434 5118 Sanancz..
1467 5056 1619 5137 deposuit
1643 5059 1748 5140 primo
1773 5057 1990 5137 interrogatus

440 5163 482 5226 de
506 5161 710 5225 involucione
734 5176 916 5242 pannorum
941 5179 1002 5240 pro
1025 5159 1166 5240 reliquiis
1192 5162 1222 5221 in
1246 5162 1383 5224 ecclesia
1407 5161 1629 5244 Radzykowo,
1662 5165 1750 5246 quod
1776 5163 1832 5226 suit
1857 5181 1991 5245 presens

441 5281 533 5332 certo
557 5271 608 5332 die
633 5267 727 5341 iesto,
758 5267 789 5326 in
814 5265 967 5327 absencia
998 5275 1108 5328 tamen
1132 5267 1210 5329 dicti
1233 5266 1383 5330 Stanislai
1409 5267 1586 5351 Clonycza,
1619 5269 1749 5352 quando
1780 5271 1843 5333 dna
1867 5269 1991 5351 Radzy·

440 5378 578 5440 kowska
601 5375 729 5456 rogavit
753 5374 932 5434 ministrum
957 5373 1044 5436 scole
1068 5375 1202 5448 ibidem,
1227 5385 1262 5438 ut
1285 5377 1345 5438 sibi
1370 5387 1565 5441 monstraret
1589 5390 1622 5441 et
1646 5379 1787 5461 aperiret
1811 5385 1990 5441 monstran-

441 5487 524 5548 ciam
549 5493 726 5564 possetque
751 5480 870 5554 videre,
896 5479 971 5561 quid
989 5481 1075 5543 intus
1100 5501 1158 5562 pro
1181 5482 1320 5564 reliquiis
1344 5487 1523 5565 repositum
1548 5498 1648 5564 esset;
1672 5488 1823 5568 apperuit
1847 5485 1991 5546 minister

441 5601 475 5656 et
498 5589 578 5655 vidit
602 5588 721 5652 multas
745 5587 894 5667 capecias
918 5589 1161 5668 panniculorum
1187 5589 1266 5652 satis
1290 5593 1431 5672 turpium
1456 5599 1490 5655 et
1513 5592 1706 5656 deformium
1737 5613 1796 5655 nec
1821 5593 1990 5674 dignorum

442 5701 484 5764 ad
509 5699 609 5782 pedes
631 5695 810 5779 tergendos
847 5693 992 5776 viditque
1016 5696 1148 5759 cedulas
1179 5698 1331 5778 parvulas
1355 5698 1474 5761 ibidem
1506 5700 1663 5762 cumillis
1689 5699 1866 5784 panniculis
1889 5701 1921 5760 in
1945 5699 1991 5760 eis
