4458 6674
393 621 435 702 84
862 622 955 675 ncrn
972 621 1096 673 1umcn
1113 621 1250 672 sectas,
1269 620 1457 672 ruocnusrs

611 831 653 896 A.
683 847 774 913 1502,
800 831 924 913 Aprilis
953 847 999 912 13,
1023 835 1054 894 in
1080 829 1215 895 Gorano
1240 833 1270 894 in
1295 833 1382 894 curia
1407 831 1595 914 episcopali.

505 955 595 1024 206.
620 958 719 1041 (Acta
744 960 841 1040 episc.
866 958 925 1038 la).
952 957 1268 1021 Limitaciones
1292 967 1332 1020 et
1356 961 1607 1022 erectiones
1631 959 1837 1022 ecclesiarum
1863 961 1955 1023 inira-

398 1070 590 1150 scriptarum
622 1067 654 1128 in
678 1075 765 1128 terra
788 1065 985 1128 Dobrinensi
1017 1066 1297 1128 consistendarum
1331 1075 1467 1147 propter
1491 1064 1614 1128 illarum
1639 1067 1898 1131 desertacionem
1923 1079 1955 1130 et

397 1177 558 1239 fructuum
583 1171 870 1236 annichilacionem
895 1181 1049 1236 secuntur
1073 1181 1106 1234 et
1130 1173 1250 1254 primo:

504 1283 640 1343 Rmus..
673 1281 755 1342 dnus
787 1279 984 1342 Vincencius
1016 1279 1056 1341 D.
1076 1275 1110 1360 ⁸g.
1138 1281 1313 1360 episcopus
1345 1276 1512 1344 Plocensis
1542 1281 1754 1357 attendendo,
1787 1283 1955 1364 quomodo

399 1391 540 1472 quedam
565 1387 701 1450 ecclesie
725 1387 929 1468 parochiales
961 1387 992 1448 in
1016 1397 1104 1450 terra
1128 1385 1326 1449 Dobrineusi
1357 1387 1488 1450 sinistro
1513 1387 1672 1450 bellorum
1696 1399 1816 1452 eventu
1840 1409 1878 1451 ac
1901 1389 1955 1453 ho·

397 1499 494 1561 stium
519 1499 646 1558 incursu
680 1493 874 1558 annichilate
905 1503 939 1556 et
962 1493 1133 1556 devastate
1166 1503 1241 1556 sunt
1273 1495 1304 1554 in
1329 1495 1460 1574 suisque
1492 1495 1707 1576 proventibus
1739 1505 1772 1558 et
1800 1495 1955 1560 fructibus

397 1604 482 1668 adeo
506 1613 622 1666 tenues
646 1603 800 1676 existunt,
833 1601 922 1683 quod
947 1611 1092 1664 rectores
1123 1601 1298 1664 earundem
1326 1613 1464 1684 propter
1488 1605 1685 1683 paucitatem
1717 1614 1751 1666 et
1775 1602 1955 1666 nullitatem

342 1775 346 1788 ,
397 1724 613 1794 proventuum
650 1719 682 1772 et
714 1710 914 1772 obventuum
952 1697 1130 1772 earundem
1164 1709 1372 1772 ecclesiarum
1405 1710 1578 1772 commode
1608 1712 1784 1774 sustentari
1816 1721 1850 1774 et
1874 1732 1956 1774 onus

397 1821 476 1902 ipsis
500 1829 566 1881 tam
591 1819 623 1879 in
648 1805 875 1898 Spiritualibus
900 1835 996 1896 quam
1022 1817 1259 1898 temporalibus
1283 1818 1472 1896 impositum
1506 1815 1589 1879 ferre
1614 1835 1678 1880 non
1703 1816 1856 1880 valebant
1879 1839 1955 1880 non·

397 1925 549 2006 nulleque
575 1925 716 2006 ipsarum
741 1922 907 1986 desertate
931 1933 1014 1996 sunt,
1039 1925 1083 1984 ita
1101 1924 1190 2003 qnod
1208 1923 1308 1984 multe
1333 1923 1535 2004 negligencie
1560 1935 1592 1986 et
1610 1924 1753 2006 pericula
1776 1927 1954 1988 animarum

398 2036 430 2096 in
454 2031 542 2095 clero
574 2041 606 2094 et
631 2030 754 2112 populo
780 2030 881 2112 proch
906 2029 1002 2092 dolor
1025 2031 1322 2103 committebantur,
1355 2051 1411 2092 sua
1437 2029 1520 2092 Rma
1546 2031 1620 2094 Ptas
1650 2030 1834 2094 huiusmodi
1860 2032 1956 2114 negli-

399 2141 521 2222 genciis
546 2150 578 2202 et
602 2139 752 2220 periculis
777 2139 955 2200 animarum
980 2138 1113 2200 obviare
1137 2137 1259 2208 volens,
1285 2158 1326 2200 ne
1351 2157 1485 2220 gregem
1511 2137 1707 2200 dominicum
1733 2139 1826 2218 lupus
1850 2159 1955 2219 rapax

398 2245 539 2322 invadat,
571 2247 613 2334 de
637 2266 799 2308 consensu
822 2257 856 2308 et
880 2246 1015 2308 consilio
1040 2244 1245 2308 dominorum
1271 2245 1470 2325 prelatorum
1503 2257 1536 2308 et
1560 2246 1789 2308 canonicorum
1819 2246 1955 2310 ecclesie

398 2375 455 2417 sue
480 2353 645 2416 Plocensis
669 2353 820 2433 factaque
844 2353 885 2416 de
910 2355 1076 2433 premissis
1101 2352 1270 2416 sufficienti
1295 2351 1528 2416 informacione
1553 2364 1586 2418 et
1610 2373 1650 2416 ea
1673 2375 1749 2416 vcra
1773 2373 1846 2417 esse
1871 2375 1955 2416 com·

398 2471 493 2543 petto
517 2462 710 2541 vocatisque
733 2460 914 2523 rectoribus
938 2461 1148 2522 ecclesiarum
1172 2460 1447 2540 infrascriptarum
1480 2481 1537 2523 seu
1561 2459 1684 2522 illarum
1708 2461 1956 2524 commendariis

399 2581 432 2632 et
456 2568 644 2650 presbiteris
668 2589 705 2630 ac
725 2569 869 2648 patronis
893 2567 1028 2648 aliisque
1054 2568 1257 2647 parochianis
1282 2571 1398 2632 merito
1423 2569 1578 2632 vocandis
1603 2587 1780 2650 coramque
1797 2589 1855 2630 sua
1871 2568 1957 2632 Rma

399 2675 457 2739 Pte
482 2675 747 2755 comparentibus
779 2675 933 2738 ecclesias
965 2676 1053 2756 ipsas
1084 2675 1273 2737 devastatas
1305 2683 1338 2736 et
1371 2677 1565 2750 desertatas,
1597 2675 1690 2737 binas
1721 2685 1777 2737 aut
1801 2677 1901 2738 trinas
1924 2677 1955 2738 in

400 2803 497 2844 unam
528 2781 677 2846 limitavit
708 2793 741 2843 et
765 2781 873 2844 denuo
905 2784 1009 2845 erexit
1040 2782 1270 2862 infrascriptas,
1303 2803 1365 2864 que
1398 2793 1563 2860 secuntur;
1598 2783 1804 2864 presentibus
1836 2783 1955 2846 ibidem

399 2911 507 2954 vener.
531 2890 603 2952 dnis
626 2889 764 2951 Nicolao
789 2889 977 2971 Brolynslry
1001 2891 1170 2952 licenciato
1193 2891 1224 2950 in
1249 2889 1399 2962 decretis,
1432 2889 1599 2952 Zawischa
1632 2891 1664 2951 in
1689 2887 1817 2952 Calisch
1842 2901 1875 2952 et
1898 2890 1957 2952 Za·

400 2997 511 3061 vischa
537 2997 578 3058 de
602 2995 763 3058 Clulrowo
788 2996 922 3058 ecclesie
947 2996 1192 3078 collegiatarum
1224 2999 1255 3058 in
1280 2997 1419 3059 Ploczka
1442 2999 1607 3058 canonicis
1639 3007 1671 3060 et
1695 3017 1789 3078 mgro
1813 2997 1956 3059 Alberto

373 3176 377 3185 Ι
401 3103 441 3166 de
466 3103 610 3185 Lowycz
635 3103 806 3184 capellano
830 3103 916 3165 curie
941 3104 1145 3184 episcopalis,
1170 3103 1308 3166 testibus
1332 3103 1373 3165 ad
1392 3107 1558 3186 premissa,
1583 3113 1616 3166 et
1633 3123 1685 3165 me
1707 3103 1845 3167 Nicolao
1868 3101 1956 3168 Stro-

400 3211 533 3293 zewslry
557 3211 692 3274 notario

508 3320 543 3382 ln
568 3319 728 3382 decanatu
752 3319 1030 3400 Rippinensi:

508 3427 769 3508 Praczkowy
801 3425 937 3489 ecclesia
967 3427 1141 3499 desertata,
1173 3435 1300 3488 tantum
1332 3447 1395 3489 una
1419 3427 1495 3488 villa
1518 3426 1600 3488 duos
1625 3445 1757 3488 mansos
1785 3427 1957 3489 sanctuarii

403 3535 511 3598 habet.
537 3534 570 3594 ln
588 3534 703 3596 eadem
729 3532 803 3596 villa
827 3533 1031 3596 columbacio
1056 3555 1115 3614 per
1130 3534 1158 3596 Il
1182 3533 1304 3596 solidos
1327 3545 1361 3596 et
1378 3555 1443 3596 non
1461 3533 1547 3614 plus;
1571 3553 1667 3614 quarn
1690 3533 1836 3615 prefatus
1853 3534 1957 3596 Rmus

401 3643 552 3707 dominus
584 3641 719 3704 ecclesie
744 3641 920 3722 parochiali
953 3643 983 3701 in
1009 3641 1131 3722 Rippin
1164 3653 1323 3722 perpetue
1355 3641 1503 3704 limitavit
1535 3651 1568 3704 et
1600 3643 1827 3724 incorporavit,
1860 3653 1957 3723 prout

402 3749 501 3812 lacius
524 3749 556 3809 in
581 3746 695 3810 litteris
719 3749 922 3812 ereccionum
947 3749 1085 3812 ecclesie
1110 3748 1235 3830 prefate
1258 3752 1290 3810 in
1314 3749 1437 3829 Rippin
1461 3750 1679 3812 continetur..

510 3855 570 3917 Ro
579 3875 700 3936 gowo
716 3891 759 3940 'ss
784 3855 936 3937 Rogowo
960 3854 1042 3919 tituli
1066 3876 1090 3917 s.
1107 3855 1328 3918 Bartholomei
1353 3856 1526 3928 desertata,
1551 3856 1656 3917 solum
1680 3856 1957 3918 commendarium

402 3963 516 4040 habet;
539 3960 639 4026 habet
662 3964 765 4025 eciam
789 3983 833 4024 ex
857 3962 956 4026 fundo
982 3961 1007 4046 [l
1024 3961 1183 4045 mansum]
1207 3982 1280 4024 cum
1298 3963 1414 4036 medio,
1439 3963 1470 4024 X
1487 3962 1577 4026 villas
1598 3983 1768 4043 possessas
1791 3973 1824 4026 ct
1842 3964 1888 4026 IV
1904 3965 1958 4027 de·

403 4081 544 4134 sertatas
567 4072 635 4132 iure
659 4069 835 4150 parochiali
858 4069 964 4132 eidem
987 4071 1157 4150 ascriptas,
1181 4069 1343 4133 videlicet:
1368 4069 1518 4144 Bnrowo,
1542 4069 1713 4140 Sosnowo,
1736 4071 1881 4134 Brzesko
1904 4071 1959 4132 du·

404 4178 490 4260 plex,
515 4179 672 4260 Rogew0,
705 4177 946 4258 Cobrzynyeca,
981 4175 1210 4248 Charschow0,
1242 4177 1394 4260 Rogowo
1418 4179 1530 4252 minor,
1561 4177 1714 4260 Rogowo
1736 4179 1848 4250 maior,
1872 4177 1959 4240 Swe·

405 4285 550 4360 schewo;
584 4284 662 4346 item
694 4284 825 4348 deserte
855 4281 942 4347 ville:
977 4283 1210 4364 Corzenyewo,
1242 4281 1479 4364 Szweschewy,
1514 4283 1680 4358 Sarnowo,
1716 4283 1958 4367 Cobrzynyecz,

405 4389 665 4468 Rzeczechow0;
688 4392 847 4454 decimam
871 4389 971 4454 habet
995 4391 1153 4473 plebanus
1178 4411 1237 4472 per
1260 4393 1340 4454 istas
1364 4390 1455 4454 villas
1480 4411 1522 4454 ex
1547 4392 1667 4471 prediis
1690 4391 1843 4454 nobilium
1869 4412 1959 4454 more

406 4501 510 4583 patrie
535 4499 617 4562 solvi
641 4497 784 4574 solitam;
817 4509 968 4579 preterea
990 4498 1090 4562 habet
1121 4497 1162 4561 ab
1187 4519 1251 4560 uno
1276 4517 1407 4580 quoque
1441 4499 1540 4562 nobili
1572 4499 1790 4578 predictarum
1814 4497 1957 4562 villarum

406 4609 435 4672 lI
451 4625 618 4670 mensuras
642 4606 721 4668 alias
744 4605 938 4669 caewrtlme:
964 4606 1097 4687 siliginis
1120 4626 1216 4668 unam
1241 4615 1274 4669 et
1290 4625 1394 4668 avene
1419 4605 1524 4679 aliam,
1550 4607 1697 4668 dicuntur
1714 4626 1787 4668 esse
1804 4605 1958 4668 nobilium

406 4718 524 4780 domus
547 4715 680 4796 triginta
705 4714 826 4795 predia,
851 4711 1047 4776 kmethones
1071 4713 1242 4776 colandam
1266 4733 1324 4776 seu
1349 4713 1514 4775 denarium
1546 4733 1570 4776 s.
1595 4712 1679 4776 Petri
1704 4733 1762 4794 per
1786 4711 1815 4775 II
1838 4713 1960 4776 solidos

406 4822 550 4900 solvunt;
582 4832 738 4902 patronus
770 4843 827 4884 seu
851 4821 989 4884 collator
1012 4821 1148 4884 ecclesie
1173 4822 1319 4903 predicte
1351 4819 1467 4883 nobilis
1490 4821 1605 4884 Petrus
1628 4820 1825 4904 Rogowsky
1853 4831 1886 4884 et
1911 4823 1958 4884 sui

407 4949 623 5010 successores,
648 4939 746 5011 prout
770 4928 868 4993 lacius
892 4931 923 4992 in
948 4929 1113 4991 erectione
1136 4929 1264 4991 noviter
1288 4929 1371 4991 lacta
1395 4930 1586 4990 continetur.

514 5036 613 5100 Zale
637 5071 680 5082 -
703 5036 788 5114 Zale,
821 5037 958 5099 ecclesia
980 5035 1174 5117 parochialis
1207 5034 1337 5098 titulis.
1362 5035 1543 5108 Adalberti,
1576 5055 1618 5098 ex
1643 5033 1742 5096 fundo
1771 5035 1870 5098 habet
1894 5045 1960 5098 tres

408 5165 540 5209 mansos
571 5145 744 5208 sanctuarii
778 5154 811 5207 et
835 5143 897 5206 Vll
929 5143 1019 5206 villas
1050 5145 1117 5205 iure
1151 5142 1328 5224 parochiali
1359 5144 1518 5223 ascriptas
1549 5141 1679 5204 inferius
1710 5152 1895 5207 contentas:
1927 5151 1960 5206 et

409 5256 514 5335 primo
538 5271 717 5333 generosus
740 5250 850 5314 Adam
881 5251 923 5314 de
946 5250 1060 5314 Balino
1091 5249 1250 5314 vexillifer
1274 5249 1505 5314 Dobrzinensis
1537 5259 1570 5312 et
1594 5252 1642 5311 sui
1666 5269 1873 5312 successores
1896 5248 1960 5330 ple·
2014 5298 2017 5304 .

408 5362 496 5424 bano
520 5359 767 5440 respondebunt
792 5367 825 5420 et
848 5357 977 5422 solvent
1002 5358 1137 5441 singulis
1161 5359 1253 5420 annis
1277 5355 1310 5420 X
1334 5375 1501 5419 mensuras
1525 5358 1603 5418 alias
1626 5355 1803 5418 cswertlme
1827 5357 1962 5437 siliginis

410 5479 443 5531 et
467 5466 498 5530 V
522 5485 635 5530 avene.
659 5466 703 5529 Et
726 5465 871 5530 similiter
894 5464 1011 5528 nobilis
1035 5465 1148 5528 Petrus
1173 5463 1395 5545 Sokolowsky
1419 5464 1460 5526 de
1476 5461 1553 5526 Zale
1577 5465 1722 5526 similiter
1745 5464 1786 5524 ad
1810 5473 1963 5545 tempora

410 5585 522 5638 tenute
546 5573 632 5637 dicte
656 5573 730 5636 ville
754 5573 891 5636 totidem
923 5573 1031 5636 solvet
1055 5572 1139 5637 ultra
1162 5571 1321 5634 decimam
1355 5591 1414 5654 per
1437 5572 1527 5652 ipsos
1559 5591 1601 5633 ex
1627 5572 1761 5653 antiquo
1785 5569 1866 5634 solvi
1890 5567 1962 5634 soli·

410 5693 493 5760 tam;
523 5683 601 5744 item
633 5679 749 5746 nobilis
780 5680 917 5746 Iacobus
947 5680 989 5746 de
1013 5679 1148 5746 Brzorze
1180 5679 1221 5742 de
1245 5679 1359 5768 predio
1384 5699 1443 5744 suo
1474 5687 1541 5744 tres
1571 5697 1740 5742 mensuras
1770 5677 1904 5764 siliginis
1928 5685 1962 5742 et
