4458 6674
849 709 1027 758 ANNORUM
1047 705 1232 760 tuot-1508.
1751 724 1812 786 1³9

692 801 775 806 -—---
785 800 906 806 --..-.--
920 800 1075 806 ——-..-—
1085 801 1113 805 ..-
1126 801 1154 805 -
1167 797 1501 806 ¹..——.—-.--——-—.-..
1521 799 1526 803 -
1537 799 1563 804 ...-

259 922 424 984 Plocensis
453 920 597 984 habeant
619 941 678 983 sua
701 922 855 1000 specialia
879 919 1057 1000 privilegia,
1089 919 1351 988 constituciones,
1385 920 1615 986 immunitates,
1647 919 1715 980 iura
1738 939 1812 982 curn

259 1029 461 1091 libertatibus
493 1039 526 1090 et
550 1029 643 1109 penis
665 1028 697 1088 in
722 1028 802 1108 ipsis
826 1029 1001 1100 contentis,
1034 1026 1151 1107 quibus
1174 1025 1333 1108 gaudent,
1366 1037 1464 1104 prout
1489 1025 1625 1088 ecclesia
1658 1027 1687 1088 b.
1711 1027 1813 1090 Marie

259 1135 403 1216 Virginis
426 1137 598 1218 collegiata
631 1138 662 1196 in
688 1134 853 1196 Poltowsk
884 1133 984 1195 habet
1016 1136 1046 1194 in
1072 1133 1241 1214 privilegio
1273 1153 1331 1213 per
1354 1132 1473 1194 Sedem
1502 1133 1715 1214 apostolicam
1740 1154 1813 1196 con·

260 1243 395 1314 firmato,
427 1241 515 1322 quod
539 1261 662 1304 omnes
693 1251 726 1302 et
751 1241 867 1322 singuli
898 1242 998 1322 ipsius
1022 1239 1160 1302 ecclesie
1184 1239 1355 1320 collegiate
1387 1241 1418 1300 in
1443 1239 1610 1302 Poltowsk
1633 1241 1748 1320 prelati
1781 1251 1814 1304 et

259 1349 404 1410 canonici
438 1349 559 1410 debent
591 1347 698 1410 facere
727 1348 756 1408 in
782 1347 920 1410 ecclesia
950 1349 1022 1427 ipsa
1046 1347 1244 1408 Poltoviensi
1276 1347 1486 1408 residenciam
1519 1348 1725 1428 personalem
1753 1348 1814 1410 sub

260 1457 454 1535 privacionis
479 1475 577 1535 pena,
608 1467 707 1534 prout
731 1454 852 1516 faciunt
876 1456 916 1516 de
943 1457 1095 1534 presenti,
1118 1455 1189 1534 ipse
1214 1465 1325 1516 tamen
1349 1455 1430 1514 ‹lnus
1456 1454 1617 1516 Roslavus
1640 1456 1814 1518 canonicus

260 1562 536 1624 contraveniendo
572 1563 748 1642 privilegiis
784 1560 967 1624 huiusmodi
1003 1581 1038 1624 se
1073 1562 1114 1622 ab
1146 1562 1281 1622 ecclesia
1317 1559 1443 1640 prefata
1478 1561 1602 1642 absque
1638 1559 1814 1642 legitima..

259 1690 356 1732 causa
388 1681 422 1732 et
445 1672 515 1731 sine
539 1669 606 1731 Ptis
631 1669 670 1731 V.
698 1669 781 1730 Rme
805 1667 937 1730 licencia
961 1667 1014 1730 vel
1037 1669 1123 1731 dicte
1147 1668 1283 1729 ecclesie
1308 1665 1506 1747 prelatorum
1533 1667 1614 1729 ultra
1638 1679 1704 1730 tres
1729 1688 1814 1730 men·

260 1797 312 1838 ses
346 1778 531 1838 absentavit
567 1797 627 1838 nec
662 1777 873 1838 residenciam
912 1774 1115 1854 personalem
1152 1773 1259 1836 fecit..
1296 1776 1474 1853 quinimmo
1513 1777 1643 1836 racione
1679 1796 1736 1838 sue
1772 1777 1814 1838 ab

260 1884 398 1944 ecclesia
421 1884 572 1944 absencie
596 1883 717 1944 infinite
742 1883 943 1962 negligencia
969 1891 1001 1943 et
1026 1881 1154 1944 silencia
1187 1884 1217 1942 in
1241 1881 1328 1941 horis
1353 1882 1516 1942 canonicis
1550 1892 1582 1943 et
1607 1881 1676 1944 aliis
1700 1883 1815 1946 divinis

260 1989 373 2052 officiis
396 2002 471 2052 sunt
498 1991 647 2060 admisse,
680 1989 944 2070 quandoquidem
976 2009 1082 2068 neque
1108 2009 1167 2068 per
1190 2009 1225 2050 se
1259 2008 1364 2068 neque
1398 2009 1456 2067 per
1479 1990 1689 2050 substitutum
1722 1989 1762 2050 ad
1787 1989 1815 2050 ll

261 2099 417 2176 quartalia
443 2099 517 2158 anni
541 2096 678 2158 ecclesie
703 2100 853 2160 serviunt.
886 2109 1001 2176 petens
1025 2098 1130 2174 ipsum
1158 2097 1246 2156 iuxta
1272 2094 1523 2174 disposicionem
1549 2095 1706 2176 privilegii
1730 2116 1815 2176 pena

260 2205 455 2281 privacionis
481 2205 573 2264 dictis
598 2205 698 2284 ipsius
722 2207 915 2264 canonicatu
939 2215 972 2265 et
998 2202 1164 2281 prebenda
1190 2205 1302 2281 puniri.
1344 2204 1393 2261 l·.x
1418 2203 1555 2264 adverso
1581 2201 1743 2264 Roslavus
1767 2223 1816 2264 ca·

261 2311 394 2372 ironicus
424 2313 578 2390 allegavit
608 2312 693 2370 adeo
725 2331 797 2370 esse
823 2311 926 2372 exiles
957 2321 990 2370 et
1014 2323 1129 2372 tenues
1161 2319 1339 2391 proventus
1362 2329 1420 2370 sue
1444 2309 1618 2389 prebende,
1652 2309 1739 2390 quod
1765 2331 1815 2370 ne-

262 2435 422 2496 quaquam
456 2418 610 2478 residenti
643 2418 761 2478 victum
794 2418 954 2480 duntaxat
986 2415 1138 2478 afletrent
1169 2428 1203 2478 et
1226 2417 1311 2477 unde
1335 2436 1434 2478 onera
1465 2419 1566 2496 ipsius
1596 2429 1816 2498 supportaret,

262 2524 392 2602 penitus
416 2543 481 2584 non
505 2521 648 2592 liaberet.
682 2535 715 2584 et
740 2525 813 2584 ideo
837 2544 872 2584 se
896 2524 1031 2586 servicio
1057 2523 1259 2602 mancipasse
1293 2523 1498 2602 prelatorum,
1532 2533 1565 2584 ut
1590 2544 1663 2584 suas
1689 2524 1814 2604 inopias

261 2639 374 2708 posset
402 2629 546 2692 relevare
570 2641 603 2692 et
628 2630 716 2710 quod
745 2631 954 2694 substitutum
980 2631 1020 2692 ad
1045 2628 1176 2709 aliquod
1206 2640 1335 2710 tempus
1363 2649 1427 2690 non
1456 2628 1575 2700 habuit,
1612 2628 1670 2690 fuit
1695 2650 1738 2692 ex
1766 2651 1816 2702 en,

262 2735 350 2814 quod
378 2737 593 2814 presbiterum
623 2739 663 2798 ad
688 2737 719 2798 id
748 2737 898 2798 idoneum
927 2739 1069 2798 invenire
1098 2737 1184 2798 iusto
1213 2735 1328 2796 salario
1356 2755 1421 2796 non
1450 2737 1564 2816 potuit,
1597 2735 1746 2798 clericum
1772 2749 1817 2800 ta·

263 2861 336 2900 men
361 2863 420 2920 pro
445 2841 544 2904 choro
569 2855 603 2905 et
627 2854 724 2905 cantu
751 2846 967 2921 conservavit;
1000 2843 1155 2924 allegavit
1179 2845 1310 2923 insuper
1333 2861 1369 2903 se
1393 2840 1550 2904 hacteuus
1579 2845 1816 2904 continenciam

263 2949 501 3028 privilegiorum
530 2950 666 3011 ecclesie
690 2948 905 3012 Poltoviensis
930 2961 963 3012 et
987 2970 1088 3032 penas
1113 2971 1176 3010 non
1202 2950 1415 3012 residencium
1441 2968 1543 3028 usque
1567 2951 1607 3010 ad
1633 2950 1718 3012 diem
1743 2971 1817 3010 exe·

262 3063 336 3116 cute
370 3067 484 3118 contra
510 3077 546 3118 se
574 3057 739 3120 citacionis
763 3061 942 3138 ignorasse3
979 3069 1146 3137 postremo
1178 3057 1328 3136 allegavit
1361 3054 1561 3137 privilegium
1594 3057 1725 3138 quoad
1751 3077 1816 3118 non

262 3162 471 3225 residenciam
498 3183 556 3242 per
579 3164 714 3224 abusum
737 3164 940 3244 abrogatum,
965 3185 1037 3225 cum
1059 3183 1216 3242 nusquam
1239 3163 1333 3225 luerit
1353 3163 1563 3226 observatum
1587 3165 1726 3226 etmulti
1752 3185 1816 3224 non

262 3266 413 3330 fecissent
436 3271 647 3332 residenciam
673 3291 732 3352 per
756 3283 905 3350 tempora
930 3269 1037 3346 multa;
1061 3281 1094 3333 et
1109 3273 1281 3350 instigator
1305 3269 1436 3330 officii..
1462 3271 1558 3347 peciit
1574 3269 1615 3330 ad
1633 3290 1734 3350 penas
1760 3273 1817 3350 pri·

264 3377 441 3438 vacionis..
469 3378 612 3456 procedi.
635 3377 679 3439 Et
705 3378 809 3438 Rmus
833 3379 916 3440 dnus
944 3377 1098 3438 Erasmus
1118 3379 1293 3458 episcopus
1317 3378 1424 3438 visis..
1450 3378 1580 3438 testium
1606 3376 1818 3457 deposicioni-

218 3477 220 3482 ’
265 3481 357 3544 bus..
382 3487 580 3546 sentenciam
607 3487 635 3545 iu
662 3486 778 3546 hunc..
803 3487 968 3548 modum..
994 3485 1231 3566 pronunciavit:
1258 3481 1376 3546 Christi
1402 3485 1532 3545 nomine
1557 3485 1740 3546 invocato..
1766 3485 1816 3545 de-

263 3591 456 3650 cernimus..
481 3589 660 3652 Roslavum
686 3592 727 3654 de
753 3591 951 3654 Warszowia
979 3593 1203 3654 canonicum..
1218 3593 1293 3664 ,suis
1321 3594 1513 3652 canonicatu
1538 3603 1570 3654 et
1594 3591 1762 3672 prebenda
1787 3593 1817 3652 in

263 3695 398 3756 ecclesia
423 3696 651 3760 Poltoviensi..
677 3698 867 3779 privandum
894 3699 994 3762 sore..
1020 3710 1117 3778 prout
1138 3710 1171 3760 et
1194 3700 1391 3779 privamus..

371 3798 461 3868 261.
486 3804 663 3884 (lbideml..
689 3805 777 3889 Idem
796 3807 957 3868 Iohannes
976 3804 1261 3887 Wyeczwyensky
1286 3807 1415 3865 nomine
1439 3806 1678 3885 instigatorio..
1704 3817 1817 3870 contra

265 3906 379 3970 honor.
404 3909 605 3974 Clementem
633 3913 664 3974 in
688 3911 863 3990 Ostrovya,
898 3910 1094 3976 Stanislaum
1119 3915 1149 3972 iu
1175 3911 1340 3992 Zampska
1363 3913 1564 3991 prepositum
1590 3921 1623 3973 et
1647 3912 1817 3976 Nicolaum

264 4016 295 4074 in
321 4012 458 4078 Obrithe
481 4037 519 4078 ac
536 4018 646 4080 Adam
671 4021 701 4080 in
721 4019 927 4100 Dlugosyodl
952 4031 1115 4082 curatos„
1140 4021 1320 4099 proposuit,
1346 4019 1432 4098 quod
1457 4037 1530 4080 cum
1555 4019 1634 4080 alias
1657 4021 1719 4100 ipsi
1743 4021 1818 4082 obe-

265 4120 433 4194 dienciam
457 4128 677 4187 reverenciam
702 4128 860 4207 episcopo
885 4126 992 4188 lacere
1016 4136 1049 4187 et
1066 4125 1220 4186 exhibere
1246 4125 1275 4184 in
1295 4145 1350 4186 sua
1376 4125 1417 4185 ad
1440 4126 1584 4205 regimen
1609 4125 1816 4186 ecclesiarum

265 4233 476 4307 promocione
508 4233 690 4298 iuraverint.
723 4233 787 4293 hoc
811 4244 920 4294 tamen
953 4253 1016 4293 uon
1042 4242 1169 4294 attento
1201 4231 1250 4294 his
1274 4232 1475 4308 temporibus
1507 4242 1614 4294 certos
1646 4252 1819 4312 processus

265 4337 410 4414 privatos
435 4347 586 4417 pretextu
611 4341 777 4402 cuiusdam
802 4341 1043 4422 appellacionis,
1075 4339 1361 4400 acontribucione
1392 4358 1464 4398 cum
1489 4339 1609 4400 iniuriis
1641 4337 1819 4400 manifestis

265 4440 400 4506 indicto
425 4464 580 4524 processu
605 4447 733 4526 privato
757 4457 934 4508 contentos
958 4458 1178 4526 acceptarunt,
1203 4443 1407 4526 publicarunt
1430 4455 1463 4504 et
1480 4465 1515 4506 se
1532 4446 1636 4506 eidem
1662 4444 1819 4525 subscrip-

266 4561 387 4622 serunt,
412 4562 528 4631 petens
560 4555 589 4612 in
615 4573 699 4632 pena
723 4552 859 4615 sinodali
884 4553 928 4614 Ill
953 4572 1132 4614 marcarum
1161 4552 1393 4631 condempnari
1426 4561 1459 4612 et
1483 4551 1565 4612 alios
1589 4560 1668 4632 puta
1692 4572 1818 4632 mgrum

269 4653 447 4718 Iohannem
472 4657 699 4739 Carnyewslty
724 4663 754 4720 in
784 4657 959 4741 Czyrvyno
982 4679 1054 4721 cum
1081 4660 1181 4738 ipsius
1204 4657 1324 4718 vicario
1350 4677 1409 4738 pro
1427 4657 1583 4718 hodierna
1599 4659 1650 4718 die
1675 4658 1714 4719 ad
1732 4659 1817 4720 idem

266 4765 383 4824 citatos
408 4785 471 4826 non
489 4777 719 4845 comparentes
742 4779 952 4828 contumaces
968 4767 1184 4847 pronunciari.
1209 4765 1262 4826 Ex
1278 4763 1416 4825 adverso
1434 4762 1587 4825 Clemens
1603 4765 1633 4824 in
1653 4762 1820 4844 Ostrovya

265 4880 397 4934 curatus
421 4874 590 4952 respondit
615 4893 650 4934 se
674 4893 713 4934 eo
738 4874 846 4935 animo
871 4873 1039 4934 indictum
1067 4891 1256 4952 processum
1281 4870 1519 4950 subscripsisse,
1545 4881 1579 4931 ut
1603 4871 1736 4931 aliorum
1756 4871 1818 4950 ple-

266 4975 423 5039 banorum
449 4980 708 5062 indignacionem
733 4990 767 5041 et
792 4979 909 5040 malam
935 4981 1162 5060 suspicionem,
1188 4997 1284 5058 quam
1309 4979 1350 5037 de
1371 4979 1443 5056 ipso
1468 4987 1616 5054 tempore
1642 4977 1820 5039 sinodus

267 5083 502 5148 diocesane
526 5091 682 5166 preterire
707 5096 934 5164 conceperant,
961 5087 1087 5168 fugeret
1112 5095 1144 5146 et
1169 5086 1293 5146 misisse
1319 5084 1456 5146 eundem
1483 5105 1548 5146 non
1565 5084 1605 5144 ad
1630 5085 1737 5156 alium,
1762 5086 1819 5145 nisi

266 5191 308 5252 ad
333 5189 520 5254 familiarem
546 5215 603 5256 sue
628 5194 703 5260 Piis,
729 5205 764 5256 ut
787 5196 833 5256 sic
858 5194 887 5254 in
912 5195 1065 5255 noticiam
1090 5213 1147 5254 sue
1171 5191 1238 5252 Ptis
1263 5192 1445 5272 perveniret
1470 5203 1503 5252 et
1527 5191 1605 5253 alias
1630 5211 1736 5272 neque
1760 5192 1821 5252 alia

267 5298 460 5360 intencione.
499 5299 543 5362 Et
567 5299 670 5360 Rmus
694 5300 778 5361 dnus
802 5319 916 5360 omnes
941 5311 1111 5378 presentes
1143 5301 1173 5360 in
1200 5319 1283 5379 pena
1308 5299 1442 5358 sinodali
1467 5297 1509 5360 Ill
1535 5318 1714 5360 marcarum
1740 5297 1821 5360 infra

268 5403 309 5465 llI
333 5405 403 5468 dies
428 5407 585 5468 solvenda
609 5408 871 5485 condempnavit,
896 5405 985 5468 salva
1009 5408 1120 5468 iniuria
1145 5425 1202 5467 sue
1227 5404 1294 5465 Ptis
1320 5425 1377 5485 per
1394 5402 1497 5464 dictas
1521 5402 1644 5466 litteras
1669 5406 1820 5484 irrogata,

268 5509 341 5573 loco
374 5522 407 5575 et
430 5524 579 5594 tempore
612 5516 678 5576 suis
709 5513 922 5576 emendanda.
961 5512 1110 5575 Tandem
1143 5532 1222 5592 mgr.
1247 5511 1409 5573 lohannes
1433 5510 1659 5592 Carnyewsky
1692 5520 1821 5572 curatus

268 5621 298 5678 in
324 5618 482 5682 Czirwino
512 5621 666 5702 allegavit
690 5642 724 5682 se
750 5631 887 5700 protunc
920 5619 1079 5682 infirmum
1105 5618 1203 5680 luisse
1236 5630 1269 5679 et
1293 5619 1445 5680 vicarium
1470 5637 1562 5678 suum
1588 5629 1698 5698 preter
1722 5619 1822 5678 scien·

269 5729 350 5789 ciam
374 5729 475 5809 ipsius
499 5727 680 5790 huiusmodi
704 5745 893 5807 processum
919 5725 1158 5806 subscripsisse.
