4458 6674
420 696 481 762 150
894 677 987 730 ACTA
1008 677 1134 730 IUDICII
1151 678 1288 733 ECCLES.
1309 677 1496 728 PLOCENSIS

416 773 661 780 -a-..—.—-.—-·
715 771 1030 778 --———..-.—-—-
1048 771 1113 776 -—
1166 771 1338 776 -——.-—-
1368 770 1513 776 ———.

414 890 559 974 Czyolelc
583 893 623 954 de
646 891 860 975 Lypowyecz
888 893 1055 961 canonico.
1079 893 1199 952 vicario
1224 900 1257 952 et
1280 887 1408 952 officiali
1432 887 1576 952 Plocensi
1599 887 1751 970 generali,
1782 890 1813 950 in
1838 886 1969 970 querela

413 1001 566 1076 exposuit
591 1009 704 1061 contra
728 998 903 1060 nonnullos
927 997 1030 1060 aliene
1053 999 1201 1060 utilitatis
1225 1009 1258 1059 et
1274 997 1407 1059 honoris
1431 997 1557 1060 invidos
1581 995 1660 1058 lalse
1676 1007 1867 1072 asserentes,
1892 1015 1968 1076 quo

414 1106 512 1168 modo
544 1107 613 1186 ipse
638 1105 720 1167 dnus
745 1105 899 1167 Nicotaus
923 1105 1081 1166 libertatis
1104 1105 1324 1168 ecclesiastice
1357 1115 1389 1166 et
1414 1123 1625 1184 personarum
1657 1105 1830 1165 immemor
1852 1103 1893 1165 de
1916 1122 1967 1163 an.

412 1211 452 1274 D.
484 1227 563 1294 1507
589 1215 621 1273 in
645 1215 787 1275 crastino
819 1233 842 1274 s
868 1210 1001 1292 Kyliani
1025 1213 1056 1272 in
1081 1212 1205 1292 oppido
1229 1210 1334 1274 ducali
1358 1211 1559 1291 Zakroczym
1584 1209 1750 1272 Plocensis
1774 1211 1912 1272 diocesis
1937 1209 1967 1270 in

413 1321 580 1400 presencia
605 1319 767 1380 Illmorum
793 1320 974 1400 principum
992 1319 1128 1380 dnorum
1148 1319 1244 1380 Anne
1261 1321 1372 1381 matris
1397 1330 1430 1380 et
1447 1319 1570 1380 tutricis
1593 1315 1746 1380 Stanislai
1767 1328 1799 1380 et
1816 1316 1967 1378 Iohannis

415 1427 455 1488 D.
480 1448 511 1508 g.
535 1429 652 1489 ducum
686 1427 857 1507 Mazowye
889 1445 1026 1487 unacum
1059 1427 1238 1506 dignitan'is
1269 1439 1302 1487 et
1326 1425 1516 1488 consiliariis
1539 1427 1641 1505 ipsius
1665 1423 1801 1487 ducatus
1824 1427 1965 1486 omnium

411 1553 579 1595 causarum
614 1535 803 1596 secularium
838 1534 976 1594 ducatus
1008 1533 1177 1614 Mazowye
1202 1532 1360 1595 iudicibus
1391 1533 1510 1594 ibidem
1543 1543 1619 1592 tunc
1643 1533 1801 1594 terminos
1834 1532 1966 1594 ducales

410 1641 646 1702 celebrancium
665 1651 697 1701 et
714 1660 827 1701 causas
845 1651 878 1700 et
896 1642 1032 1720 negocia
1055 1641 1259 1703 subditorum
1285 1641 1384 1720 ipsius
1410 1641 1544 1701 ducatus
1569 1640 1783 1700 iudicancium
1801 1637 1963 1718 quendam

411 1747 565 1808 Iacobum
590 1748 630 1809 de
648 1747 804 1826 Cosnyno
830 1757 988 1808 rectorem
1014 1746 1207 1827 parochialis
1231 1746 1367 1808 ecclesie
1390 1749 1421 1808 in
1439 1743 1678 1826 Orschymowo
1695 1747 1782 1807 dicte
1802 1743 1965 1808 Plocensis

411 1853 550 1915 diocesis
574 1855 614 1914 ad
638 1855 828 1915 instanciam
854 1853 979 1933 prelate
1004 1855 1068 1915 dne
1094 1853 1191 1915 Anne
1215 1855 1343 1916 ducisse
1367 1855 1500 1916 citatum
1526 1875 1584 1934 pro
1609 1873 1658 1924 eo,
1683 1851 1770 1931 quod
1790 1854 1860 1931 ipse
1877 1851 1965 1932 apud

410 1958 529 2022 Sedem
558 1963 697 2040 apostol.
730 1963 967 2040 preposituram
993 1959 1291 2022 Varschoviensem
1324 1963 1400 2023 iuris
1432 1972 1625 2041 patronatus
1657 1961 1800 2040 ipsorum
1826 1959 1963 2022 duorum

410 2069 525 2129 ducum
552 2069 767 2147 impetrasset,
790 2067 942 2130 iudicavit
959 2079 992 2129 et
1009 2089 1067 2148 per
1084 2070 1282 2130 sentenciam
1308 2067 1570 2147 condempnavit.
1596 2079 1773 2147 propterea
1798 2068 1873 2146 quia
1889 2087 1964 2128 una·

410 2195 481 2234 cum
507 2177 577 2235 aliis
601 2175 779 2256 dignitariis
800 2177 830 2236 in
852 2177 931 2236 actis
955 2175 1122 2238 ducalibus
1145 2177 1284 2255 scriptus
1310 2177 1494 2256 reperiatur.
1519 2174 1607 2254 quod
1632 2174 1738 2235 dictus
1761 2173 1844 2234 dnus
1869 2171 1965 2234 Nico·

410 2279 478 2342 laus
503 2282 645 2344 decanus
669 2303 706 2343 se
730 2283 859 2342 minime
885 2282 1006 2349 iecisse.
1032 2285 1211 2362 quinimmo
1233 2283 1470 2364 quamprimum
1495 2283 1536 2343 ad
1561 2301 1690 2344 causam
1712 2283 1780 2342 sive
1802 2281 1963 2342 actionem

408 2389 508 2467 ipsius
532 2388 640 2450 Iacobi
665 2389 784 2450 ibidem
810 2390 986 2453 deventum
1013 2390 1133 2462 suisset,
1159 2401 1256 2470 prout
1279 2389 1365 2452 idem
1386 2391 1468 2452 dnus
1493 2388 1648 2451 Nicolaus
1671 2389 1791 2450 ibidem
1816 2389 1961 2460 asseruit,

408 2495 512 2556 eidem
538 2497 660 2558 actioni·
682 2497 839 2558 iuteresse
857 2497 966 2564 noluit,
992 2499 1049 2558 sed
1068 2498 1178 2559 statim
1196 2519 1214 2558 a
1230 2495 1303 2558 loco
1320 2517 1388 2568 suo,
1414 2499 1444 2558 in
1467 2517 1533 2578 quo
1550 2496 1669 2558 ibidem
1687 2496 1824 2557 sedebat
1840 2515 1858 2554 a
1876 2495 1964 2554 curia

408 2601 521 2676 ducali,
544 2603 597 2663 ubi
614 2603 699 2664 dicta
719 2603 834 2665 iudicia
859 2603 1103 2675 exercebantur,
1128 2604 1287 2666 abscessit
1305 2615 1337 2665 et
1355 2623 1427 2666 cum
1445 2625 1554 2665 vener.
1572 2603 1655 2664 dnus
1673 2601 1811 2665 lacobus
1835 2597 1963 2662 Zaleski

408 2711 584 2771 canonicus
609 2709 775 2772 Plocensis
804 2721 971 2790 tamquam
1003 2711 1102 2772 irater
1126 2721 1158 2772 et
1182 2712 1304 2773 amicus
1335 2711 1451 2789 prelati
1479 2709 1589 2772 Iacobi
1619 2709 1806 2788 Cosnynski
1830 2725 1962 2770 causam

408 2815 510 2895 ipsius
533 2815 653 2878 ibidem
678 2816 879 2879 defendisset
911 2817 1109 2892 iudicialiter,
1141 2828 1239 2898 prout
1263 2819 1365 2880 eciam
1394 2819 1500 2880 dictus
1524 2818 1607 2879 dnus
1630 2815 1785 2878 Nicolaus
1816 2815 1962 2886 asseruit,

408 2923 522 3000 petivit
547 2924 652 2986 dictus
669 2924 752 2985 dnus
769 2923 923 2986 Nicolaus
940 2925 1080 2986 decanus
1097 2925 1138 2985 ab
1156 2927 1227 3006 ipso
1245 2925 1310 2986 dno
1327 2922 1474 2997 Officiali,
1499 2925 1651 3002 quatinus
1668 2925 1740 3004 ipso
1757 2920 1823 2984 dno
1840 2921 1961 2982 lacobo

407 3026 532 3090 Zaleski
559 3031 716 3091 canonico
741 3031 1003 3111 adpresenciam
1029 3053 1119 3092 suam
1145 3034 1246 3094 citato
1271 3053 1308 3093 ac
1325 3041 1461 3113 recepto
1485 3032 1527 3094 ab
1544 3051 1585 3094 eo
1606 3032 1646 3094 de
1664 3032 1800 3093 veritate
1824 3027 1962 3090 dicenda

407 3135 588 3199 iuramento
620 3137 726 3216 ipsum
756 3138 796 3199 de
825 3139 977 3200 omnibus
1008 3152 1042 3200 et
1070 3139 1204 3218 singulis
1238 3140 1402 3220 premissis
1434 3139 1616 3218 inquireret.
1650 3137 1844 3218 Quiquidem
1877 3134 1961 3196 dnus

407 3238 562 3305 Officialis
586 3245 686 3305 citato
709 3243 750 3304 ad
775 3245 822 3305 sui
846 3247 1049 3324 presenciam
1075 3246 1163 3309 dicto
1187 3248 1253 3308 dno
1282 3245 1403 3307 Iacobo
1427 3245 1556 3310 Zaleslri
1585 3247 1744 3306 canonico
1768 3255 1802 3306 et
1826 3253 1960 3320 recepto

406 3349 447 3408 ab
472 3349 622 3410 eodem..
646 3349 807 3431 corporali
832 3353 1012 3413 iuramento
1036 3353 1175 3414 eundem
1200 3353 1241 3414 de
1265 3354 1413 3432 superius
1434 3356 1598 3415 contentis
1622 3373 1730 3414 coram
1757 3371 1808 3410 me
1832 3350 1960 3412 notario

406 3465 440 3517 et
464 3457 602 3518 testibus
631 3457 843 3539 infrascriptis
873 3459 1050 3522 solenniter
1075 3463 1240 3540 requisivit
1265 3472 1299 3522 et
1323 3462 1531 3532 examinavit,
1557 3461 1633 3540 quid
1658 3460 1719 3520 sibi
1743 3461 1784 3520 de
1808 3457 1960 3520 omnibus

406 3572 439 3624 et
462 3564 595 3643 singulis
627 3568 792 3645 premissis
824 3569 979 3638 constitit,
1005 3569 1059 3646 qui
1088 3569 1256 3647 respondit
1281 3589 1316 3629 se
1340 3589 1436 3643 anno,
1461 3569 1511 3630 die
1536 3578 1570 3630 et
1594 3566 1676 3641 loco,
1707 3568 1823 3647 quibus
1852 3583 1960 3642 supra,

406 3669 435 3728 in
461 3669 548 3732 dicto
572 3670 696 3752 oppido
721 3673 922 3753 Zakroczym
944 3673 1132 3760 interfuisse:
1147 3696 1185 3736 ac
1205 3696 1319 3738 causas
1340 3687 1373 3737 et
1394 3677 1531 3756 negocia
1555 3679 1655 3757 ipsius
1679 3674 1790 3736 Iacobi
1813 3673 1960 3752 Cosnyn·

405 3775 455 3838 ski
480 3797 590 3840 coram
620 3779 691 3840 dnis
720 3780 900 3861 dignitariis
924 3790 957 3843 et
982 3783 1138 3844 iudicibus
1167 3783 1302 3844 ducatus
1331 3783 1478 3846 Mazovie
1503 3783 1623 3846 ibidem
1649 3793 1726 3846 tunc
1748 3780 1959 3862 cougregatis

405 3895 518 3946 contra
543 3887 739 3949 nominatam
765 3888 862 3948 dnam
887 3887 1018 3950 Annam
1043 3889 1212 3961 ducissam,
1241 3903 1338 3972 prout
1368 3893 1514 3970 superius
1539 3900 1590 3952 est
1613 3908 1815 3970 expressum,
1840 3888 1957 3968 egisse,

404 3989 503 4051 dnum
520 4012 598 4054 vero
623 3991 793 4055 Nicolaum
811 3995 969 4057 decanum
988 4016 1126 4059 unacum
1143 3996 1211 4058 aliis
1228 3995 1359 4078 prelatis
1377 3997 1614 4068 ecclesiasticis,
1639 4005 1674 4057 ut
1699 3997 1835 4076 primum
1860 4013 1958 4056 causa

403 4102 504 4179 ipsius
527 4100 636 4162 Iacobi
661 4099 848 4182 Cosnynski
872 4105 1002 4165 tractari
1020 4105 1203 4185 incipiebat,
1225 4125 1243 4166 a
1264 4107 1343 4167 locis
1367 4108 1510 4186 ipsorum
1536 4114 1569 4165 et
1593 4105 1680 4166 cun'a
1704 4101 1808 4165 ducali
1831 4101 1959 4163 absces-

404 4207 486 4268 sisse
510 4226 571 4270 nec
600 4207 705 4269 eidem
737 4211 856 4270 actioni
888 4213 1045 4273 interesse
1069 4213 1210 4274 voluisse
1240 4233 1312 4274 cum
1343 4211 1639 4293 protestacionibus
1670 4213 1815 4290 ipsorum
1847 4229 1957 4271 coram

404 4314 539 4375 notariis
562 4323 596 4375 et
619 4313 758 4376 testibus
782 4316 823 4377 de
846 4337 911 4378 non
935 4319 1170 4380 consentiendo
1193 4321 1225 4380 in
1249 4319 1347 4380 talem
1378 4319 1550 4393 actionem,
1575 4327 1607 4379 et
1633 4329 1759 4379 tantum
1784 4317 1866 4380 dixit
1897 4317 1958 4378 sibi

403 4429 554 4481 constare
579 4421 619 4481 de
644 4424 818 4500 premissis
848 4425 1055 4486 Presentibus
1087 4426 1206 4488 ibidem
1237 4425 1394 4507 religiosis
1418 4438 1451 4488 et
1476 4425 1588 4487 honor.
1613 4425 1734 4486 Iacobo
1763 4423 1899 4487 custode
1924 4407 1976 4486 et¹

403 4525 526 4588 Mathia
550 4527 590 4588 de
615 4527 882 4610 Czyerwyenslro
906 4531 1059 4594 fratribus
1083 4533 1204 4594 ordinis
1220 4555 1244 4596 s.
1264 4535 1447 4614 Augustini,
1473 4532 1661 4612 Augustino
1679 4531 1720 4594 de
1737 4530 1957 4613 Vyschegrad

403 4634 620 4696 mansionario
641 4637 775 4700 ecclesie
793 4639 986 4701 cathedralis
1003 4640 1174 4714 Plocensis
1200 4639 1344 4702 Roslavo
1361 4641 1401 4702 de
1420 4640 1643 4720 Varschowya
1662 4640 1780 4702 vicario
1796 4649 1956 4721 perpetuo

403 4741 539 4802 ecclesie
564 4741 822 4808 Warszoviensis
846 4758 879 4808 et
904 4747 1001 4808 nobili
1028 4746 1208 4809 Laurencio
1233 4749 1274 4809 de
1299 4748 1509 4829 Radowycza
1533 4745 1615 4808 laico
1641 4745 1870 4808 Poznaniensis
1889 4743 1957 4806 dio·

402 4849 492 4920 cesis,
517 4851 655 4912 testibus
678 4852 718 4934 ad
743 4855 908 4932 premissa.

616 5042 657 5105 Α.
688 5059 777 5124 1511,
803 5046 967 5108 Februarii
997 5064 1043 5122 ιο,
1067 5051 1098 5109 in
1124 5049 1316 5111 consistorio
1342 5048 1540 5111 Poltoviensi

509 5163 599 5232 321.
624 5169 721 5248 (Acta
749 5169 832 5232 offic.
857 5171 944 5250 VIII)
973 5172 1007 5233 ln
1038 5194 1135 5235 causa
1165 5175 1277 5236 honor.
1302 5175 1354 5236 dni
1385 5171 1536 5237 Stanislai
1567 5173 1696 5254 plebani
1726 5175 1766 5235 de
1791 5173 1955 5236 Tharcho·

401 5293 502 5354 myuo
526 5287 638 5336 contra
666 5277 805 5338 nobilem
831 5277 998 5340 Nicolaum
1022 5281 1063 5342 dc
1080 5279 1194 5361 Obrap
1214 5281 1369 5344 [actorem
1386 5282 1503 5342 nobilis
1522 5283 1628 5344 Rosze
1645 5284 1739 5344 vidue
1756 5283 1797 5344 de
1814 5281 1954 5362 Lomny,

401 5381 590 5460 plebanus..
616 5387 795 5463 proposuit,
820 5387 986 5465 quomodo
1011 5407 1095 5447 anno
1121 5391 1264 5467 presenti
1288 5390 1360 5467 ipso
1384 5391 1435 5452 die
1457 5411 1479 5450 s.
1502 5388 1645 5469 Agnetis
1669 5391 1802 5451 veniens
1827 5385 1954 5473 [nobilis

403 5487 568 5570 Nicolaus]
593 5491 624 5550 in
653 5491 784 5552 domum
815 5493 1020 5572 plebanalem
1046 5495 1164 5556 ibidem
1191 5497 1220 5556 in
1249 5495 1505 5576 Tharchomyno
1534 5497 1640 5559 intulit
1667 5499 1725 5559 sibi
1754 5497 1954 5564 violenciam.

400 5597 558 5676 recipiens
586 5596 645 5658 sibi
670 5599 699 5658 vi
724 5599 913 5662 servitorem
943 5621 1034 5662 suurn
1065 5601 1251 5678 iohannem,
1282 5605 1444 5666 extimans
1469 5605 1658 5665 violenciam
1684 5619 1716 5666 et
1741 5605 1886 5665 iniuriam
1912 5605 1953 5666 ad

400 5698 427 5762 C
447 5701 513 5763 lior.
536 5713 650 5783 petens
674 5705 780 5786 ipsum
803 5708 833 5768 in
854 5709 978 5770 eisdem
1003 5709 1211 5771 condemnari
1236 5720 1269 5772 et
1293 5709 1371 5773 alias
1396 5715 1579 5775 sentencias
1603 5713 1953 5776 excommunicacionis
