4392 6672
893 683 985 731 ACTA
1005 681 1128 732 lUDICll
1147 680 1282 732 ECCLES.
1303 679 1491 730 PLOCENSIS

1443 765 1961 776 -—-——---—-—-—..—..-.

625 895 667 957 A.
697 912 787 976 1449,
813 893 978 956 Februarii
1009 911 1054 971 19,
1079 895 1110 954 in
1135 891 1304 954 Poltowsk
1329 894 1361 952 in
1386 892 1472 952 curia
1496 889 1683 972 episcopali.

520 1001 556 1067 8.
581 1001 677 1084 (Acta
702 1003 800 1082 episc.
826 1001 883 1077 l)..
910 1000 985 1062 Dno
1008 998 1109 1062 Paulo
1135 999 1173 1059 D.
1200 1020 1230 1080 g.
1254 999 1413 1080 episcopo
1438 998 1585 1060 Plocensi
1611 1017 1671 1077 pro
1695 995 1843 1060 tribunali
1868 997 1964 1076 presi-

414 1112 523 1182 dente,
548 1109 705 1189 plebanus
722 1109 763 1170 de
780 1107 962 1188 Maluzyno,
980 1106 1166 1178 Stanislaus,
1191 1117 1304 1168 contra
1321 1107 1420 1168 dnum
1438 1106 1579 1176 Petrum,
1603 1104 1777 1184 plebanum
1794 1104 1835 1166 de
1851 1103 1964 1184 Wyrz·

414 1218 578 1296 bowyecz,
604 1218 790 1296 proposuit,
824 1215 991 1294 quomodo
1016 1215 1086 1294 ipse
1110 1212 1268 1294 plebanus
1292 1212 1332 1274 de
1356 1211 1614 1293 Wyrzbowyecz
1637 1222 1750 1274 contra
1775 1209 1965 1291 prohibicio-

415 1343 489 1386 nem
514 1322 694 1384 sinodalem
726 1325 756 1382 in
782 1319 936 1402 parochia
962 1320 1137 1400 Maluzyno
1170 1340 1229 1401 per
1253 1321 1415 1401 quendam
1441 1319 1580 1381 Blasium
1606 1338 1724 1380 novum
1751 1318 1964 1398 presbiterum

413 1429 541 1513 publice
566 1431 761 1492 mendicavit
786 1441 819 1490 et
844 1447 935 1490 suam
961 1427 1148 1508 parochiam
1174 1425 1367 1488 ludificando
1391 1424 1528 1506 agnellis
1552 1438 1584 1488 et
1610 1426 1679 1487 aliis
1696 1425 1791 1486 rebus
1815 1423 1965 1504 spoliavit

413 1548 446 1600 et
470 1539 574 1618 ipsum
600 1536 816 1617 presbiterum
850 1535 878 1594 in
912 1535 1005 1614 equis
1029 1537 1095 1596 suis
1128 1533 1169 1594 ad
1193 1535 1441 1595 mendicandum
1473 1534 1561 1596 misit
1592 1545 1625 1596 et
1654 1533 1694 1594 de
1718 1532 1910 1594 mendicatis
1933 1533 1965 1590 in

414 1645 514 1706 domo
545 1663 602 1705 sua
629 1663 721 1704 usum
753 1643 865 1704 habuit
890 1641 1072 1724 petivitque
1107 1661 1179 1702 eum
1206 1641 1310 1722 puniri
1336 1660 1422 1719 pena
1446 1648 1641 1702 statutorum
1675 1649 1708 1702 et
1732 1638 1792 1700 sibi
1815 1637 1964 1699 condem·

415 1771 515 1832 pnare
540 1753 569 1810 in
595 1749 638 1812 lIl
662 1751 846 1832 sexagenis
871 1753 901 1810 in
926 1748 1043 1829 quibus
1068 1749 1172 1828 ipsum
1197 1747 1380 1808 huiusmodi
1406 1747 1613 1809 mendicitate
1637 1745 1885 1826 dampnificavit.
1915 1743 1966 1805 Ex

414 1859 553 1920 adverso
586 1857 745 1937 plebanus
776 1858 817 1917 de
850 1855 1107 1938 Wyrzbowyecz
1142 1856 1308 1936 negavit..
1341 1855 1499 1934 plebanus
1533 1853 1575 1916 de
1605 1851 1780 1932 Maluzyno
1816 1851 1965 1931 probabit

415 1985 513 2045 super
536 1965 675 2026 eundem
701 1965 753 2025 die
769 1966 869 2026 tercia
893 1965 1003 2025 statim
1029 1974 1105 2042 post
1129 1961 1255 2023 felicem
1281 1961 1335 2022 dni
1361 1961 1517 2042 Episcopi
1541 1962 1573 2022 in
1590 1961 1729 2040 Iunyecz
1753 1960 1964 2039 ingressum.-

629 2159 672 2218 A.
702 2175 792 2236 1449,
818 2158 942 2238 Aprilis
968 2173 995 2224 2,
1024 2157 1054 2216 in
1079 2153 1210 2218 Gorzno
1235 2158 1266 2216 in
1292 2157 1380 2216 euria
1402 2155 1587 2237 episcopali.

523 2279 559 2347 9.
591 2281 688 2363 (Acta
713 2284 812 2362 episc.
836 2283 868 2362 Ι).
908 2282 941 2342 1η
974 2301 1072 2343 causa
1104 2280 1221 2342 nobilis
1253 2280 1378 2342 Nicolai
1411 2280 1452 2341 de
1484 2279 1710 2360 Rokythnicza
1743 2277 1968 2340 subvenatoris
2072 2325 2079 2340 .

416 2389 631 2452 Dobrinensis
655 2400 769 2450 contra
794 2388 969 2450 discretum
994 2387 1162 2458 Iacobum,
1185 2386 1359 2466 plebanum
1384 2389 1416 2448 in
1440 2385 1650 2457 Swedzebna,
1676 2385 1826 2447 nobilis..
1850 2402 1967 2466 propo·

416 2500 486 2571 suit,
512 2497 680 2578 quomodo
705 2497 773 2577 ipse
794 2479 955 2575 plebanus
980 2513 1112 2558 censum
1137 2497 1169 2556 in
1193 2493 1427 2556 kmetbonibus
1451 2495 1551 2573 ipsius
1575 2493 1690 2554 nobilis
1713 2493 1832 2554 ibidem
1856 2492 1888 2552 in
1905 2490 1968 2552 Ro·

415 2603 590 2684 lrythnicza
614 2604 698 2664 ultra
722 2623 845 2664 morem
878 2614 912 2666 et
936 2603 1206 2664 consuetudinem
1232 2601 1385 2682 parochie
1410 2601 1553 2674 extollit,
1584 2602 1638 2680 qui
1662 2597 1858 2662 kmetbones
1882 2600 1968 2679 prius

416 2733 434 2774 a
459 2710 694 2773 consuetudine
718 2711 851 2790 antiqua
875 2729 940 2770 non
966 2709 1037 2790 plus
1062 2707 1166 2770 solum
1194 2729 1251 2788 per
1269 2706 1345 2768 VllI
1370 2707 1520 2769 denarios
1543 2709 1584 2769 de
1602 2707 1747 2786 quolibet
1771 2725 1885 2768 manso
1909 2725 1968 2786 pro

417 2820 659 2881 sustentacione
683 2819 819 2880 ministri
845 2817 981 2877 ecclesie
1014 2819 1046 2877 in
1070 2815 1273 2878 Swedzebna
1298 2813 1425 2876 solvere
1450 2824 1686 2876 consueverant
1710 2814 1883 2876 annuatim.
1919 2812 1967 2873 Ex

417 2925 554 2987 adverso
579 2925 664 2987 idem
690 2923 828 2986 lacobus
853 2923 1012 3004 plebanus
1045 2923 1086 2984 ad
1112 2923 1374 3003 proposicionem
1402 2923 1476 2982 dicti
1502 2921 1618 2983 nobilis
1642 2920 1873 3000 respondendo
1896 2920 1970 2981 alle·

417 3033 517 3112 gavit,
541 3032 628 3112 quod
653 3053 695 3092 ex
712 3031 948 3092 consuetudine
973 3029 1124 3090 laudabili
1150 3031 1281 3108 antiqua
1307 3050 1365 3110 per
1383 3029 1598 3108 parochianos
1622 3039 1654 3090 et
1670 3026 1793 3090 incolas
1816 3027 1969 3110 parochie

418 3159 474 3200 sue
499 3140 530 3199 in
548 3137 752 3201 Swedzebna
777 3157 837 3218 pro
854 3138 932 3199 dicti
948 3139 1085 3199 ministri
1110 3138 1352 3199 sustentacione
1377 3133 1588 3197 solvebantur
1603 3135 1734 3198 LXXX
1750 3137 1863 3215 grossi,
1887 3155 1970 3215 quos

418 3245 515 3308 hodie
539 3245 665 3308 solvere
690 3255 842 3308 recusant
865 3257 898 3308 et
915 3245 1150 3318 contradicunt,
1177 3245 1264 3324 quod
1282 3243 1441 3324 plebanus
1460 3243 1611 3324 probabit
1635 3243 1677 3306 ad
1693 3243 1830 3323 primurn
1848 3242 1967 3304 domini

418 3351 482 3415 huc
505 3355 686 3436 ingressum
711 3352 836 3414 felicem

635 3546 674 3606 A.
705 3563 795 3625 1449.
821 3544 944 3626 Aprilis
966 3563 999 3623 4,
1024 3547 1053 3606 in
1080 3543 1351 3624 Rosczyschewo.

532 3669 590 3735 10.
622 3672 720 3752 (Acta
744 3671 842 3750 episc.
867 3669 923 3750 ll..
957 3670 991 3730 ln
1017 3669 1091 3731 villa
1123 3669 1387 3748 Rosczyschewo
1423 3681 1456 3730 et
1480 3669 1580 3732 domo
1612 3671 1824 3732 habitacionis
1855 3669 1971 3732 nobilis

419 3777 472 3840 dni
497 3777 628 3848 Zemalr,
653 3778 781 3840 heredis
806 3777 957 3840 inibidem
984 3777 1148 3838 Plocensis
1173 3777 1311 3838 diocesis
1336 3777 1455 3837 Rmo..
1481 3777 1547 3838 dno
1572 3777 1677 3848 Paulo,
1703 3778 1741 3839 D.
1758 3799 1789 3859 g.
1813 3779 1971 3858 episcopo

419 3885 576 3956 Plocensi,
601 3885 751 3948 iudicio..
768 3886 964 3965 presidente,
989 3887 1018 3944 in
1037 3905 1134 3946 causa
1151 3884 1267 3946 nobilis
1284 3885 1347 3946 dne
1366 3884 1553 3958 Katherine,
1578 3883 1688 3946 relicte
1705 3883 1820 3956 lacobi,
1838 3896 1871 3946 et
1887 3883 1971 3946 Petri

422 3993 472 4056 filii
497 3995 553 4064 sui,
578 3991 732 4054 heredum
759 3994 800 4055 de
825 3992 974 4064 Borowo,
1000 4002 1113 4053 contra
1138 3993 1312 4052 discretum
1340 3989 1553 4072 Stephanum,
1585 3991 1760 4071 plebanum
1791 3993 1822 4051 in
1847 3991 1972 4072 prelata

421 4099 695 4180 Rosczyschewo.
720 4120 818 4179 super
842 4099 973 4159 oraculo
998 4099 1028 4158 in
1047 4098 1171 4176 prefata
1195 4097 1336 4159 Borowo
1362 4099 1421 4159 sub
1438 4097 1594 4179 parochia
1617 4097 1751 4160 ecclesie
1776 4100 1805 4159 in
1832 4099 1972 4179 Rosczy-

421 4205 552 4268 schewo
576 4205 712 4269 fundato
736 4219 770 4269 et
794 4216 903 4268 erecto
928 4215 961 4267 et
986 4206 1151 4266 locacione
1176 4205 1347 4285 presbiteri
1371 4206 1402 4265 in
1420 4206 1536 4266 eodem
1562 4215 1594 4266 et
1619 4204 1781 4266 nonnullis
1805 4205 1874 4267 aliis
1897 4205 1972 4266 iniu-

422 4317 475 4375 riis
498 4315 582 4376 inter
615 4315 702 4395 ipsas
727 4325 869 4395 partes..
894 4313 1067 4382 suscitatis
1099 4313 1282 4374 dominus..
1308 4333 1367 4392 per
1390 4331 1480 4374 suam
1507 4315 1705 4374 sentenciam
1739 4313 1972 4374 amicabilem..

422 4421 574 4482 decrevit:
600 4423 746 4502 inprimis
770 4421 928 4494 videlicet,
962 4421 1049 4500 quod
1074 4421 1144 4498 ipse
1169 4419 1364 4498 Stephanus,
1397 4421 1572 4480 modernus
1603 4420 1762 4500 plebanus
1792 4420 1822 4480 in
1849 4417 1972 4499 prefata

424 4525 687 4605 Rosczyschewo
719 4539 751 4590 et
784 4547 989 4589 successores
1013 4529 1095 4588 sui..
1120 4527 1251 4587 habebit
1283 4537 1316 4587 et
1348 4537 1510 4607 perpetuo
1543 4527 1756 4606 possidebunt
1781 4525 1793 4586 l
1824 4546 1971 4588 mansum

423 4633 492 4712 agri
516 4653 588 4694 cum
614 4654 687 4695 area
713 4636 795 4696 inter
818 4653 916 4714 agros
933 4633 1146 4695 kmethonum
1172 4632 1246 4694 ville
1270 4632 1411 4694 Borowo
1435 4637 1594 4694 iacentem
1616 4653 1766 4695 mensure
1783 4631 1972 4704 Culmensis,

424 4759 520 4821 quem
546 4741 587 4802 ab
612 4743 747 4822 antiquo
771 4741 890 4802 ibidem
916 4743 946 4802 in
964 4739 1105 4802 Borowo
1129 4741 1233 4802 tenuit
1257 4749 1290 4800 et
1314 4741 1421 4811 coluit,
1446 4759 1518 4801 cum
1543 4751 1617 4803 orto
1641 4751 1675 4802 et
1692 4739 1753 4802 alia
1769 4761 1844 4802 area
1868 4739 1972 4802 eidem

423 4858 497 4909 orto
522 4847 677 4928 contigua
701 4846 837 4910 liberum
862 4857 895 4910 et
918 4847 960 4910 ab
984 4848 1124 4926 angariis
1149 4859 1182 4908 et
1208 4847 1378 4926 quibusvis
1402 4847 1620 4910 solucionibus
1644 4849 1783 4909 solutum
1808 4857 1842 4909 et
1866 4867 1974 4910 exem·

425 4965 533 5034 ptum,
564 4955 694 5017 racione
727 4957 817 5016 cuius
848 4955 1032 5016 dotacionis
1063 4957 1133 5034 ipse
1157 4951 1353 5034 Stephanus,
1385 4953 1544 5034 plebanus
1572 4956 1746 5017 modernus
1777 4955 1808 5016 in
1833 4955 1974 5036 Rosczy-

424 5059 562 5136 schewo,
587 5081 660 5122 cum
678 5063 921 5124 successoribus
938 5064 1003 5124 suis
1019 5073 1149 5123 tenetur
1173 5069 1317 5122 statuere
1341 5074 1374 5122 et
1392 5061 1553 5124 collocare
1578 5062 1792 5142 presbiterum
1809 5063 1972 5143 ydoneum

425 5167 508 5229 circa
532 5169 698 5230 oraculum
724 5171 905 5248 predictum
938 5172 969 5230 in
995 5168 1121 5252 prelata
1145 5167 1325 5230 hereditate
1349 5168 1491 5230 Borowo
1524 5181 1556 5230 et
1580 5170 1718 5231 eundem
1743 5169 1784 5230 de
1809 5170 1903 5232 bonis
1926 5190 1974 5231 ec·

426 5275 523 5336 clesie
540 5294 596 5337 sue
614 5275 820 5356 stipendiare,
846 5275 996 5338 salariare
1014 5287 1047 5337 et
1064 5286 1264 5352 contentare,
1288 5277 1342 5356 qui
1360 5278 1442 5337 circa
1459 5277 1564 5357 ipsum
1586 5277 1750 5337 oraculum
1769 5278 1973 5357 personalem

425 5381 635 5444 residenciam
661 5381 783 5448 faciens
807 5384 913 5445 divina
938 5385 1107 5444 missarum
1133 5381 1316 5462 solempnia
1341 5393 1478 5462 peraget
1503 5395 1536 5444 et
1560 5382 1707 5444 infirmos
1731 5385 1919 5463 procurabit
1942 5396 1974 5445 et

425 5488 576 5550 clericum
602 5509 661 5569 pro
679 5491 919 5551 ministracione
944 5491 1041 5551 misse
1066 5489 1227 5551 valentem
1253 5509 1362 5550 secum
1388 5490 1513 5551 tenebit
1537 5499 1570 5552 et
1587 5491 1727 5563 habebit,
1752 5501 1785 5551 et
1801 5493 1974 5552 sacrarium

426 5615 485 5676 pro
510 5599 763 5659 conservacione
796 5613 887 5658 sacre
913 5597 1096 5659 Eukaristie
1129 5597 1323 5660 sacramenti
1357 5599 1388 5658 in
1414 5597 1529 5658 eodem
1554 5596 1688 5659 habebit
1721 5595 1860 5670 oraculo,
1886 5596 1975 5658 fonte

426 5703 609 5782 baptismali
631 5723 763 5784 prorsus
787 5713 943 5784 except0;
966 5723 1081 5765 omnes
1098 5715 1207 5765 autem
1232 5704 1336 5764 incole
1356 5701 1501 5764 villarum
1519 5704 1667 5767 videlicet
1684 5703 1809 5785 prefate
1825 5703 1975 5778 Borowo
