4392 6672
418 693 454 737 12
888 675 955 724 AC'l'
959 677 980 721 A
1000 674 1121 723 tumen
1141 674 1276 724 ECCLES.
1298 673 1483 723 PLOCENSIS

412 907 617 964 conservare;
643 889 718 948 item
744 887 877 965 singulis
900 887 991 948 annis
1017 907 1076 966 pro
1101 887 1350 967 comparacione
1375 887 1522 966 vestium,
1554 885 1759 966 pellicearum
1793 897 1826 950 et
1851 886 1960 950 calcia-

413 1007 594 1056 mentorum
621 993 751 1055 cuilibet
776 992 863 1054 lratri
897 995 925 1052 in
952 993 1065 1053 ordine
1089 993 1241 1054 residenti
1267 991 1279 1052 l
1304 1012 1503 1071 sexagenam
1537 1005 1669 1054 monete
1697 996 1853 1056 currentis
1884 995 1962 1056 dare

413 1100 574 1162 tenebitur
599 1111 631 1162 et
648 1087 788 1162 debebit.
813 1098 1052 1180 Quamquidem
1078 1101 1275 1160 sentenciam
1301 1112 1368 1161 tam
1394 1101 1462 1179 ipse
1487 1098 1569 1161 dnus
1594 1101 1703 1174 abbas,
1729 1121 1825 1180 quam
1847 1099 1963 1164 fratres

413 1208 460 1270 sui
485 1209 605 1268 ordinis
630 1218 842 1288 acceptarunt
866 1221 898 1268 et
923 1217 1016 1288 grate
1040 1217 1259 1288 susceperunt.
1286 1205 1342 1266 Et
1368 1227 1464 1287 super
1489 1207 1551 1267 hoc
1576 1209 1645 1287 ipse
1670 1209 1752 1270 dnus
1777 1207 1963 1288 Episcopus

413 1317 691 1382 constitucionem,
717 1335 812 1392 quam
837 1315 875 1374 ad
893 1315 1123 1394 resignandum
1148 1314 1315 1375 abbaciam
1341 1315 1411 1394 ipse
1436 1314 1518 1375 dnus
1543 1314 1645 1376 abbas
1670 1315 1800 1388 lecerat,
1824 1316 1963 1378 cassavit

359 1403 364 1412 ¹
413 1433 446 1484 et
470 1419 652 1487 annullavit.
688 1422 974 1501 sentenciavitque,
1012 1421 1099 1500 quod
1131 1423 1191 1499 ipsi
1223 1421 1338 1482 iratres
1369 1421 1435 1482 duo
1459 1420 1569 1482 abbati
1601 1441 1716 1484 omnes
1741 1441 1792 1484 res
1823 1441 1963 1502 percos

414 1538 562 1608 receptas
587 1529 710 1609 integre
734 1529 793 1588 sub
817 1529 930 1588 eadem
958 1547 1041 1606 pena
1065 1529 1416 1590 excommunicacionis
1439 1528 1491 1590 die
1515 1532 1654 1590 crastina
1677 1530 1708 1590 in
1726 1529 1894 1609 presencia
1910 1529 1963 1590 dni

414 1637 558 1698 doctoris
582 1645 636 1695 aut
653 1635 708 1694 dni
726 1623 818 1694 Luba
843 1647 874 1695 et
892 1633 953 1695 Vll
970 1653 1153 1714 sexagenas
1177 1637 1218 1696 de
1238 1637 1382 1714 pecunia,
1409 1655 1504 1714 quam
1523 1638 1551 1698 ei
1569 1647 1770 1715 receperant,
1794 1637 1963 1697 restituere

415 1741 611 1803 tenebuntur
635 1751 668 1802 et
692 1741 856 1802 debebunt
882 1754 936 1803 aut
961 1743 1001 1802 de
1026 1743 1096 1821 ipsa
1121 1742 1257 1821 pecunia
1282 1741 1399 1804 iaciant
1423 1743 1585 1804 racionem
1611 1743 1763 1812 debitam,
1788 1745 1814 1805 si
1830 1742 1871 1803 ad
1888 1761 1965 1805 usus

415 1849 519 1909 licitos
544 1847 637 1910 luerit
662 1869 720 1927 per
744 1867 801 1910 eos
826 1851 976 1928 exposita
1002 1861 1056 1910 aut
1081 1869 1154 1920 non,
1179 1869 1252 1910 nam
1278 1850 1303 1910 si
1330 1848 1422 1910 fuerit
1446 1849 1554 1910 illicite
1579 1851 1739 1928 exposita,
1764 1848 1805 1910 ad
1829 1848 1963 1912 totalem

415 1973 574 2016 summam
600 1955 629 2014 X
654 1975 890 2034 sexagenarum
916 1955 1104 2016 solvendam
1130 1957 1334 2018 tenebuntur.

630 2147 670 2208 A.
699 2161 792 2228 1457,
817 2147 971 2210 Octobris
997 2165 1025 2225 2,
1049 2149 1081 2209 in
1106 2151 1244 2230 lunyecz
1269 2150 1299 2209 in
1324 2151 1411 2210 curia
1435 2151 1623 2230 episcopali.

524 2268 586 2335 30.
610 2273 708 2348 [Acta
732 2275 831 2352 episc.
857 2273 912 2352 ll..
938 2273 1073 2336 Rmus..
1097 2275 1180 2334 dnus
1201 2273 1327 2344 Paulus
1352 2277 1526 2354 episcopus
1551 2274 1723 2348 Plocensis,
1749 2295 1885 2337 unacum
1911 2274 1965 2336 do-

417 2381 509 2440 minis
534 2379 693 2440 nobilibus
718 2390 856 2460 protunc
873 2380 978 2442 eidem
999 2381 1216 2442 assidentibus
1241 2401 1283 2442 ex
1307 2383 1489 2442 statutis
1513 2380 1738 2445 ducalibus
1761 2381 1855 2444 huius
1879 2391 1965 2444 terre

417 2489 550 2556 invenit,
587 2487 673 2567 quod
699 2499 835 2566 propter
867 2487 977 2548 diutini
1009 2489 1166 2566 temporis
1200 2489 1469 2567 prorogacionem
1506 2489 1660 2568 providus
1692 2489 1832 2552 Mathias
1857 2487 1967 2551 Rutha

417 2595 600 2675 oppidanus
632 2592 672 2654 de
698 2593 886 2656 Polthoivsk
911 2595 1028 2656 nullum
1054 2597 1102 2656 ius
1134 2598 1164 2656 in
1190 2595 1377 2656 molendino
1411 2597 1441 2656 in
1468 2595 1604 2677 lunyecz
1636 2595 1757 2659 habere
1782 2596 1966 2670 dinoscitur,

417 2721 477 2762 nec
501 2703 548 2762 sui
574 2700 698 2782 aflines,
723 2702 809 2780 quod
835 2704 881 2763 eis
905 2714 1092 2782 competere
1117 2703 1371 2782 protendebant,
1405 2703 1488 2764 unde
1512 2703 1631 2764 ibidem
1658 2701 1802 2784 prefatus
1827 2701 1967 2764 Mathias

417 2807 526 2868 Rutha
551 2827 586 2868 se
610 2807 767 2887 obligavit
792 2820 823 2868 et
849 2809 996 2870 submisit
1022 2812 1152 2889 propria
1176 2811 1206 2870 in
1233 2829 1382 2890 persona,
1407 2808 1495 2890 quod
1520 2807 1601 2870 inira
1625 2809 1698 2870 hinc
1722 2819 1755 2871 et
1780 2809 1790 2870 l
1816 2811 1967 2890 septima·

417 2933 491 2975 narn
516 2933 625 2976 coram
650 2913 807 2995 prefato..
833 2915 898 2976 duo
925 2915 1022 2976 Paulo
1046 2917 1204 2996 episcopo
1235 2918 1265 2976 in
1291 2915 1456 2978 Poltnwslc
1487 2915 1586 2978 debet
1619 2917 1725 2978 locare
1757 2925 1789 2978 et
1821 2927 1965 2979 statuere

419 3020 624 3084 fideiussores
649 3023 783 3084 idoneos
807 3033 873 3083 tam
899 3043 959 3102 pro
976 3043 1019 3090 se,
1045 3043 1141 3103 quam
1167 3043 1226 3104 pro
1243 3043 1299 3084 sua
1322 3035 1421 3100 parte,
1446 3035 1477 3084 et
1496 3042 1610 3105 pacem
1635 3021 1798 3085 Stanislao
1823 3021 1967 3086 Gbemza

417 3128 664 3192 molendinatori
690 3131 721 3190 in
745 3129 884 3210 lunyecz
910 3139 1100 3210 perpetuam
1126 3129 1258 3191 firmare.
1284 3129 1492 3192 Presentibus
1516 3129 1757 3192 honorabilibus
1779 3127 1967 3192 Przeczslao

419 3237 576 3298 canonico
601 3235 747 3298 Plocensi
774 3247 806 3297 et
831 3235 974 3298 Iohanne
1000 3237 1113 3298 Zonka
1138 3235 1278 3316 plebano
1302 3239 1333 3298 in
1359 3235 1504 3318 lunyecz.

644 3430 685 3491 A.
715 3433 805 3509 1458,
833 3431 938 3493 Martii
964 3431 1013 3496 26,
1038 3434 1070 3491 in
1097 3429 1195 3492 Plock
1220 3431 1249 3491 in
1275 3433 1362 3492 curia
1386 3433 1572 3512 episcopali.

526 3551 589 3618 31.
614 3555 715 3630 (Acta
731 3557 828 3636 episc.
847 3555 905 3623 ll..
931 3553 1023 3616 Dnus
1049 3553 1210 3625 Nicolaus,
1235 3557 1336 3616 abbas
1360 3557 1544 3617 monasterii
1569 3575 1593 3617 s.
1617 3553 1789 3618 Adalberti
1813 3557 1843 3616 in
1861 3565 1968 3617 castro

420 3663 574 3730 Plocensi,
599 3682 743 3724 coram..
768 3663 833 3724 dno
858 3663 956 3724 Paulo
981 3663 1140 3742 episcopo
1159 3664 1190 3722 in
1207 3661 1315 3724 medio
1332 3663 1461 3742 capituli
1478 3665 1526 3725 sui
1544 3663 1757 3742 personaliter
1774 3664 1968 3724 constitutus

420 3791 478 3851 per
501 3771 745 3851 deposicionem
778 3770 908 3831 testium
942 3767 1145 3850 synodalium
1178 3769 1219 3831 de
1251 3771 1493 3836 incontinentia,
1529 3769 1765 3850 dilapidacione
1800 3770 1968 3842 bonorum,

420 3879 503 3940 mala
529 3879 761 3958 procuracinne
794 3877 952 3938 bonorum
985 3880 1172 3938 monasterii
1198 3879 1245 3938 sui
1271 3879 1406 3956 predicti
1439 3889 1469 3938 et
1494 3878 1697 3960 negligencia
1729 3877 1969 3956 procuracionis

421 3985 552 4046 ficorum
586 3985 774 4046 monasterii
807 3983 982 4064 supradicti
1012 3985 1194 4064 inculpatus
1226 3995 1257 4044 et
1283 4004 1340 4064 per
1366 3983 1557 4063 prelatum..
1583 3985 1681 4044 dnum
1708 3983 1908 4064 Episcopum
1932 4001 1969 4043 nc

422 4112 478 4170 per
496 4111 567 4152 eum
592 4091 769 4171 deputatos
793 4101 929 4172 paterne
953 4102 986 4153 et
1003 4093 1170 4152 caritative
1195 4103 1365 4169 correptus
1389 4111 1426 4150 ac
1444 4093 1483 4151 ile
1502 4091 1609 4152 verbis
1625 4090 1798 4152 rebellibus
1822 4111 1880 4172 per
1896 4109 1968 4152 eum

421 4211 496 4260 tun:
522 4199 640 4260 ibidem
674 4197 801 4276 publice
827 4196 969 4277 prolatis,
1004 4198 1093 4278 quod
1119 4198 1269 4259 videlicet
1300 4199 1419 4258 amodo
1451 4198 1616 4260 emendari
1641 4197 1752 4280 nollet,
1784 4199 1842 4260 sed
1867 4197 1969 4278 magis

420 4309 585 4370 civitatem
618 4317 650 4368 et
673 4305 819 4384 hospicia
844 4303 1051 4384 frequentare
1074 4305 1181 4377 vellet,
1206 4306 1398 4384 redargutus
1423 4303 1608 4366 humiliatus
1632 4316 1664 4366 et
1689 4306 1883 4385 promittens
1906 4323 1969 4366 me·

421 4415 627 4476 lioracionem
663 4424 697 4474 et
721 4412 810 4494 quod
842 4423 962 4492 cxpnst
998 4412 1172 4474 secundum
1209 4421 1357 4473 tenorem
1394 4413 1505 4474 statuti
1537 4412 1703 4492 synodalis
1738 4413 1968 4474 monasterium

422 4524 625 4600 [requentare
650 4529 683 4582 et
707 4521 737 4580 in
756 4519 811 4580 illo
829 4521 970 4581 residere
995 4520 1139 4591 deberet,
1164 4520 1230 4581 dno
1249 4519 1415 4599 Episcopo
1439 4540 1510 4580 cum
1529 4518 1670 4600 capitulo
1694 4519 1801 4581 dictos
1818 4516 1970 4581 articulos

422 4647 493 4689 cum
519 4627 701 4688 huiusmodi
726 4627 902 4688 rebellione
927 4628 1068 4708 graviter
1086 4628 1296 4708 ponderante,
1323 4628 1392 4706 ipse
1417 4628 1498 4687 dnus
1519 4627 1620 4688 abbas
1645 4627 1841 4706 promittens
1864 4625 1970 4686 melio·

421 4736 593 4806 racionem,
618 4745 653 4796 ut
670 4732 836 4814 prefertur,
861 4735 921 4796 sibi
937 4737 1080 4816 graciam
1098 4754 1196 4814 super
1213 4735 1379 4814 premissis
1397 4733 1462 4794 fieri
1480 4733 1603 4814 petivit.
1628 4732 1669 4794 Et
1687 4733 1770 4794 dnus
1787 4731 1971 4812 Episcopus

421 4862 494 4903 cum
519 4841 608 4903 dicto
632 4841 774 4922 capitulo
799 4861 858 4902 suo
882 4843 1043 4916 timentes,
1068 4861 1108 4902 ne
1133 4861 1175 4902 ex
1200 4841 1353 4902 facilitate
1378 4841 1469 4902 venie
1493 4841 1533 4902 ad
1559 4837 1664 4902 sutura
1689 4840 1800 4922 peiora
1825 4837 1970 4918 prolaba-

422 4961 480 5022 tur,
513 4950 651 5030 rigorem
677 4951 761 5020 iuris,
794 4968 889 5027 quern
915 4949 958 5010 ob
991 4951 1149 5029 premissa
1182 4951 1212 5009 in
1237 4968 1309 5010 eum
1342 4947 1520 5010 extendere
1553 4957 1690 5025 poterat,
1723 4944 1971 5008 mansuetudine

422 5065 609 5138 temperans
633 5057 798 5136 predictos
822 5055 969 5118 delectus
1000 5065 1033 5117 et
1058 5063 1214 5118 excessus
1238 5075 1298 5130 spe
1329 5065 1362 5116 et
1386 5055 1601 5134 promissione
1626 5053 1765 5116 emende
1791 5052 1894 5116 fiende
1918 5071 1971 5134 pa·

422 5175 513 5226 terne
536 5162 676 5232 indulsit,
701 5165 745 5224 ita
769 5174 888 5230 tamen,
914 5164 1002 5241 quod
1028 5165 1109 5224 dnus
1133 5163 1234 5224 abbas
1259 5163 1423 5242 predictus
1448 5173 1568 5242 sponte
1592 5171 1625 5223 et
1646 5160 1745 5222 libere
1762 5180 1796 5222 se
1814 5161 1971 5234 submisit,

422 5273 509 5356 quod
534 5273 559 5334 si
583 5273 615 5332 in
638 5271 823 5332 criminibus
847 5281 879 5332 et
904 5271 1121 5350 negligenciis,
1154 5271 1194 5330 de
1219 5270 1335 5348 quibus
1359 5268 1462 5330 luerat
1488 5269 1681 5348 inculpatus,
1713 5267 1744 5328 in
1762 5267 1902 5328 futurum
1927 5285 1971 5327 re·

422 5389 534 5464 pertus
558 5377 651 5459 foret,
675 5378 738 5439 hoc
755 5379 898 5457 legitime
915 5376 1063 5456 probatu,
1088 5375 1207 5437 licitum
1233 5379 1293 5437 erit
1313 5377 1378 5437 dno
1396 5377 1563 5455 Episcopo
1589 5383 1831 5454 procuratorem
1857 5371 1972 5454 prefati

422 5487 476 5550 dni
500 5487 629 5549 abbatis
660 5487 832 5566 requirere,
864 5497 899 5547 ut
923 5485 1053 5546 nomine
1078 5504 1137 5544 suo
1171 5485 1201 5543 in
1228 5483 1376 5542 manibus
1408 5482 1474 5542 Ptis
1499 5503 1555 5542 sue
1580 5481 1747 5542 abbaciam
1782 5479 1971 5541 Plocensem

422 5615 513 5658 suam
539 5595 725 5674 resignaret,
759 5613 823 5672 quo
849 5613 959 5652 casu..
983 5591 1096 5652 honor.
1129 5591 1226 5652 dnum
1254 5589 1426 5650 llartinum
1460 5590 1500 5650 de
1525 5589 1649 5651 lezewo
1680 5587 1869 5650 canonicum
1903 5585 1972 5647 Plo·

423 5721 552 5765 censem
578 5711 821 5783 procuratorem
848 5719 938 5760 snum
964 5699 1207 5760 irrevocabilem
1234 5697 1409 5759 constituit.
