4392 6672
394 666 436 732 26
871 663 963 712 ACTA
982 661 1107 714 IUDIClI
1126 661 1262 712 ECCLES.
1282 660 1471 714 PLOCENSIS

466 753 830 763 --.κῇ-ψ...
1049 755 1165 762 ——.-
1184 753 1388 760 --—.—--.—-
1577 753 1735 760 .—-.-..---
1784 753 1933 758 ...m-⁴--.—

394 878 596 959 privilegium
630 877 783 938 scultecie
816 874 968 954 predicte,
1000 875 1041 935 ad
1066 875 1152 955 quod
1178 895 1212 936 se
1237 874 1320 935 dnus
1344 873 1528 954 Episcopus
1560 873 1677 935 retulit.
1717 873 1798 935 Item
1831 887 1945 936 contra

394 985 502 1047 Adam
527 1003 718 1066 germanum
743 1003 835 1045 suum
869 983 1011 1044 similiter
1034 983 1213 1064 proposuit,
1246 981 1333 1062 quod
1358 979 1519 1041 violentus
1542 989 1593 1040 est
1617 979 1847 1042 kmethonibus
1870 982 1943 1052 suis,

394 1094 497 1152 minas
521 1091 648 1152 incuttit
673 1099 706 1152 et
730 1089 864 1151 eosdem
889 1090 1057 1169 dispergit,
1090 1099 1204 1149 contra
1228 1107 1324 1169 quem
1350 1086 1495 1148 similiter
1520 1087 1635 1164 petivit
1660 1087 1874 1167 pronunciari,
1900 1107 1945 1148 re·

394 1198 501 1262 ferens
525 1218 560 1260 se
592 1199 632 1259 ad
658 1210 805 1259 tenorem
839 1194 997 1276 privilegii
1029 1196 1172 1276 predicti.
1213 1195 1294 1256 Item
1319 1195 1421 1254 tercio
1453 1205 1567 1254 contra
1591 1213 1705 1254 omnes
1736 1203 1803 1255 tres
1828 1193 1944 1254 fratres

394 1307 573 1385 proposuit,
600 1303 712 1386 [quodl
738 1323 796 1382 per
820 1303 918 1364 dnum
944 1302 1143 1384 Episcopum
1168 1301 1210 1362 ad
1234 1301 1446 1362 residenciam
1479 1301 1508 1361 in
1533 1299 1619 1362 dicta
1643 1299 1795 1362 scoltecia
1824 1300 1944 1362 dudum

394 1412 502 1472 vocati
526 1411 684 1472 hactenus
715 1412 746 1471 in
771 1410 885 1472 eadem
919 1429 984 1471 non
1008 1409 1158 1477 resident.
1191 1408 1306 1488 petivit
1329 1427 1388 1469 eos
1412 1407 1617 1487 pronunciari
1651 1407 1747 1469 luisse
1772 1427 1889 1485 penam
1914 1409 1944 1467 in

396 1515 566 1598 privilegio
598 1517 805 1596 descriptam,
838 1525 871 1576 et
895 1517 1042 1595 quamvis
1073 1515 1139 1577 duo
1164 1516 1257 1595 primi
1282 1513 1401 1574 nullam
1434 1515 1683 1575 excusacionem
1716 1513 1945 1595 allegaverunt,

395 1625 514 1687 tercius
545 1635 655 1685 tamen
687 1623 840 1685 videlicet
872 1621 1033 1684 lohannes
1066 1641 1122 1701 per
1146 1621 1331 1684 absenciam
1363 1639 1381 1682 a
1407 1631 1501 1688 terra,
1534 1639 1641 1700 aqua
1673 1641 1733 1701 per
1757 1620 1817 1682 Vll
1841 1640 1945 1682 annos

395 1730 636 1806 absentabatur,
662 1751 697 1792 se
714 1731 890 1792 excusavit.
916 1729 1035 1790 Prefati
1060 1748 1138 1790 vero
1162 1727 1259 1790 iudex
1284 1739 1318 1790 et
1338 1727 1504 1804 subiudex‚
1529 1746 1601 1788 cum
1628 1729 1844 1806 predictorum
1872 1727 1947 1787 iudi·

285 1881 289 1884 -
395 1839 478 1900 cium
503 1839 608 1919 tangit
632 1836 885 1917 produccionem
921 1836 1078 1915 privilegii
1111 1845 1144 1896 et
1168 1838 1236 1896 eius
1260 1853 1409 1906 examen,
1441 1833 1587 1914 partibus
1615 1836 1863 1916 assignaverunt
1887 1843 1948 1894 ter·

397 1945 516 2006 minum
549 1965 609 2024 pro
633 1943 718 2007 festo
742 1942 931 2004 Natiuitatis
956 1943 984 2003 b.
1009 1943 1110 2004 Marie
1136 1963 1229 2022 prox.
1255 1940 1394 2003 affuturo
1425 1943 1455 2001 in
1486 1938 1641 2002 Ploczsko
1670 1961 1779 2003 coram
1804 1940 1947 2020 capitulo

396 2051 543 2113 Plocensi
567 2070 756 2130 comparere
781 2069 878 2129 super
903 2050 1070 2129 premissis
1094 2049 1271 2129 propositis
1295 2048 1453 2109 iusticiam
1478 2049 1674 2127 recepturi..

611 2242 652 2304 A.
682 2241 772 2320 1466,
799 2242 941 2324 Augusti
965 2261 994 2320 9,
1019 2245 1051 2304 in
1074 2240 1242 2304 Poltowslr
1267 2244 1297 2302 in
1323 2241 1409 2302 curia
1434 2241 1622 2322 episcopali.

504 2363 566 2432 69.
591 2367 689 2446 (Acta
714 2368 811 2443 episc.
838 2367 892 2444 ll..
925 2365 1050 2426 Nobilis
1075 2364 1236 2430 lohannes
1267 2365 1308 2427 de
1333 2361 1553 2445 Gosczimyno
1585 2365 1672 2446 apud
1697 2375 1768 2425 acta
1794 2366 1948 2445 obligavit

397 2495 432 2536 se
458 2473 637 2536 soluturum
664 2473 675 2532 l
699 2491 897 2554 sexagenam
922 2473 1101 2533 mediorum
1118 2491 1164 2553 gr.
1190 2471 1302 2532 honor.
1327 2471 1393 2532 dno
1410 2469 1544 2532 lohanni
1560 2471 1602 2532 de
1619 2470 1766 2544 Cuchari‚
1791 2473 1948 2534 canonico

397 2579 553 2648 Plocensi,
579 2599 638 2660 pro
662 2578 813 2660 dampnis
837 2578 896 2640 sibi
921 2600 979 2660 per
996 2598 1068 2640 eum
1094 2580 1125 2638 in
1142 2577 1217 2639 villa
1233 2576 1421 2640 Scolatowo
1445 2590 1478 2639 et
1496 2577 1565 2638 eius
1589 2579 1683 2640 bonis
1707 2579 1829 2640 dudum
1853 2577 1948 2638 illatis

397 2687 589 2748 intransitu
621 2687 662 2747 ad
687 2685 885 2748 bellicam
919 2686 1252 2767 expedicionem
1283 2705 1396 2747 versus
1421 2681 1551 2746 Sadlow
1584 2705 1644 2765 pro
1669 2685 1748 2748 feria
1771 2686 1841 2747 lV¹²
1870 2685 1950 2747 infra

399 2802 533 2856 octavas
557 2811 580 2854 S.
607 2791 769 2856 Laurentii
795 2813 887 2873 prox.
912 2793 1050 2854 affutura
1082 2793 1143 2856 sub
1170 2795 1260 2870 penis
1284 2793 1634 2854 excommunicacionis
1683 2793 1725 2854 Et
1750 2793 1832 2854 dnus
1856 2813 1948 2854 cano·

398 2900 487 2962 nicus
510 2909 643 2979 recepta
667 2898 850 2961 huiusmodi
874 2899 1077 2980 obligacione
1102 2903 1268 2962 consensit
1291 2901 1321 2960 in
1349 2899 1464 2979 prefati
1489 2899 1605 2961 nobilis
1629 2898 1904 2961 absolucionem..

613 3089 654 3152 A.
685 3089 775 3166 1466,
801 3089 942 3170 Augusti
968 3105 1019 3170 23,
1043 3091 1073 3151 in
1099 3088 1266 3154 Poltowslt
1290 3093 1321 3152 in
1346 3093 1433 3154 curia
1457 3092 1642 3174 episcopali.

507 3209 569 3278 70.
593 3213 690 3293 (Acta
714 3215 811 3293 episc.
836 3213 895 3294 ll..
927 3214 1052 3276 Nobilis
1076 3213 1235 3278 Cristinus
1266 3216 1307 3278 de
1331 3215 1460 3298 Bilycze
1493 3216 1649 3280 fideiussit
1674 3215 1861 3278 satisfacere
1890 3239 1950 3298 pro

399 3323 549 3402 dampnis
573 3331 606 3383 et
629 3329 725 3401 raptu
750 3321 908 3383 bonorum
934 3323 1068 3383 ecclesie
1097 3321 1320 3400 pernobilem
1348 3322 1538 3384 Michaelem
1568 3325 1608 3384 de
1632 3322 1791 3404 Wirzyky
1815 3325 1881 3384 dno
1905 3323 1950 3385 lo·

401 3430 498 3490 hanni
522 3429 562 3490 de
587 3427 733 3501 Cuchari,
758 3430 915 3490 canonico
939 3427 1087 3490 Plocensi
1111 3427 1217 3504 illatis,
1241 3449 1300 3510 pro
1318 3431 1434 3510 quibus
1458 3429 1545 3492 idem
1570 3431 1707 3491 Michael
1733 3432 1950 3492 excommuni-

399 3535 542 3609 cabatur,
560 3535 600 3596 ad
617 3533 733 3597 festum
752 3555 775 3595 s.
793 3533 922 3596 Martini
942 3555 1035 3615 prox.
1052 3534 1223 3596 affuturum
1241 3536 1301 3596 sub
1318 3539 1411 3616 penis
1427 3537 1786 3598 excommunicacionis.
1811 3537 1853 3597 Et
1870 3537 1951 3597 dnus

399 3643 573 3703 canonicus
587 3651 719 3722 recepta
731 3640 957 3703 satisfaccione
970 3641 1183 3723 obligacionis
1195 3644 1226 3703 in
1237 3643 1479 3706 absolucionem
1493 3644 1571 3706 dicti
1583 3641 1750 3704 Michaelis
1759 3644 1949 3704 consensit..

613 3833 655 3895 A.
685 3835 774 3910 1466.
800 3832 943 3914 Augusti
968 3849 1018 3912 29,
1043 3837 1073 3895 in
1098 3837 1293 3899 consistorio
1318 3836 1547 3898 Polthoviensi.

509 3954 570 4024 71.
596 3958 693 4040 (Acta
717 3957 799 4020 offic.
825 3957 872 4038 ΙΙ).
908 3958 941 4018 ln
967 3978 1064 4020 causa
1089 3959 1200 4021 honor.
1224 3960 1317 4032 Petri,
1355 3960 1482 4040 plebani
1509 3963 1539 4021 in
1564 3959 1695 4040 Sgyerz.
1720 3969 1833 4021 contra
1859 3959 1950 4020 Nico·

404 4065 488 4127 laum
513 4065 692 4137 Marzusch,
718 4075 960 4144 procuratorem
985 4066 1038 4127 dni
1055 4064 1231 4148 Stromylo.
1255 4067 1448 4148 plebanus..
1473 4071 1651 4148 proposuit,
1677 4066 1843 4147 quomodo
1867 4068 1951 4130 die..

401 4172 501 4235 XXV
518 4172 661 4254 Augusti
687 4172 852 4253 predictus
877 4173 1044 4236 Marzusch
1071 4174 1101 4235 in
1118 4194 1237 4254 campo
1254 4173 1477 4255 Nyechronlra
1502 4175 1680 4254 predictum
1699 4176 1828 4237 Petrum
1845 4175 1952 4236 verbis

403 4280 530 4342 furiosis
562 4280 677 4342 invasit
710 4281 807 4342 armis
840 4281 1003 4342 atrocibus
1035 4281 1161 4360 sibique
1192 4283 1223 4342 in
1248 4293 1387 4343 mortem
1420 4279 1577 4344 diffidavit
1610 4281 1670 4344 hiis
1694 4283 1800 4344 verbis
1834 4281 1952 4342 famam

401 4407 492 4449 suam
518 4386 735 4467 denigrando:
765 4395 801 4448 tu
824 4385 940 4467 dignus
965 4407 1000 4449 es
1033 4389 1197 4450 occisione
1228 4389 1361 4469 opucleltt
1384 4389 1475 4468 opyly
1491 4400 1600 4468 popye,
1632 4390 1728 4450 occisi
1760 4399 1835 4451 sunt
1865 4391 1952 4466 apud

400 4513 460 4554 nos
484 4495 515 4553 in
540 4491 650 4554 Sonsk
674 4504 757 4564 octo,
783 4496 837 4572 qui
863 4496 893 4553 in
920 4496 1078 4574 pensariis
1102 4497 1216 4558 missas
1240 4497 1450 4558 celebrabant
1475 4507 1507 4556 et
1529 4505 1561 4556 te
1586 4497 1714 4558 luerunt
1738 4497 1952 4576 crispiniores,

401 4611 435 4662 et
460 4601 561 4680 pelles
587 4619 638 4661 me
661 4602 692 4660 in
719 4619 836 4678 panem
869 4601 898 4661 in
925 4601 1132 4684 Lythfaniam
1166 4604 1216 4664 vel
1242 4607 1272 4664 in
1297 4602 1430 4675 Podole‚
1462 4605 1503 4665 ad
1528 4623 1610 4682 quas
1642 4614 1752 4681 partes
1776 4623 1828 4664 me
1854 4616 1951 4664 trans·

401 4705 502 4767 leram
528 4715 561 4766 te
585 4707 751 4782 occidens;
775 4708 913 4768 extimat
937 4709 1082 4769 iniuriam
1107 4709 1147 4769 ad
1173 4710 1207 4770 M
1231 4709 1297 4770 tior.
1323 4709 1477 4789 Hungar..
1502 4720 1620 4789 petens
1643 4730 1717 4770 eum
1744 4711 1773 4770 in
1800 4709 1953 4788 predictis

403 4813 534 4876 florenis
558 4813 823 4894 condempnari..

617 5007 658 5068 A.
689 5007 779 5084 1466,
804 5005 1009 5087 Septembris
1034 5025 1062 5084 3,
1087 5011 1116 5069 in
1143 5010 1337 5071 consistorio
1362 4981 1588 5071 Polthoviensi.

512 5127 574 5195 72.
599 5130 698 5209 (Acta
721 5129 805 5193 offic.
831 5131 877 5210 ll).
914 5131 1032 5194 Christi
1057 5135 1187 5194 nomine
1211 5135 1396 5194 invocato..
1422 5135 1674 5213 pronunciamus
1697 5143 1729 5193 ct
1753 5133 1954 5196 declaramus

403 5238 572 5316 providum
597 5237 773 5300 Iohannem
800 5239 999 5320 oppidanum
1021 5239 1330 5303 Zacroczimiensem
1348 5261 1365 5299 a
1382 5241 1611 5302 communione
1628 5261 1685 5302 seu
1702 5261 1721 5300 a
1738 5243 1953 5321 percepcione

402 5343 594 5406 venerabilis
619 5349 812 5406 sacramenti
836 5347 876 5407 ad
901 5345 1019 5408 festum
1045 5345 1145 5407 Pasce
1171 5348 1360 5425 preteritum
1386 5367 1428 5406 ex
1450 5347 1554 5408 causis
1579 5345 1799 5408 confessorem
1826 5369 1954 5410 moven-

401 5451 488 5513 tibus
513 5472 572 5530 pro
589 5451 648 5512 hac
673 5453 743 5512 vice
767 5455 939 5514 dumtaxat
962 5473 1155 5534 suspensum
1181 5453 1278 5516 fuisse
1303 5455 1472 5534 ipsamque
1497 5456 1744 5534 suspensionem
1770 5455 1882 5516 honor.
1907 5454 1953 5515 lo·

401 5557 515 5632 hanni,
547 5558 688 5638 plebano
721 5560 752 5619 in
776 5559 977 5632 Zacroczim‚
1013 5581 1072 5640 per
1096 5559 1317 5622 confessorem
1350 5561 1493 5621 eiusdem
1521 5559 1671 5621 lobannis
1703 5563 1895 5623 insinuatam
1920 5574 1954 5622 et

403 5665 600 5726 declaratam
638 5664 746 5736 fuisse,
781 5666 916 5746 ipseque
947 5666 1107 5746 plebanus
1139 5665 1293 5745 predictis
1316 5687 1381 5728 non
1406 5668 1611 5730 obstantibus
1642 5669 1747 5748 ipsum
1780 5669 1955 5729 iohannem
