4458 6674
943 679 1032 728 ANNI
1050 677 1128 732 1509.
1747 700 1803 763 131

362 889 396 950 ln
422 887 551 948 nomine
576 886 640 948 Dni
663 908 766 950 amen.
790 887 861 949 Nos
886 888 1046 951 lohannes
1071 888 1110 950 D.
1130 911 1161 970 g.
1186 888 1321 952 ecclesie
1346 890 1509 952 Plocensis
1533 892 1708 972 episcopus
1733 913 1809 955 cura

256 997 409 1080 pastorali
435 994 652 1075 providentes,
684 1006 718 1055 ut
743 994 868 1058 divinus
892 996 996 1058 cultus
1021 998 1051 1056 in
1076 1007 1188 1058 nostra
1212 998 1335 1058 diocesi
1364 1007 1528 1078 augeatur,
1561 1011 1808 1080 annuentesque

256 1104 406 1186 precibus
430 1101 560 1163 discreti
578 1101 634 1162 viri
655 1102 782 1162 comitis
808 1100 936 1163 Cristini
961 1102 1093 1182 palatini
1118 1101 1313 1180 Cayrnensis
1331 1104 1360 1163 in
1378 1103 1557 1166 hereditate
1582 1126 1638 1166 sua
1665 1117 1807 1184 paterna,

255 1233 319 1288 que
343 1208 511 1272 Gozdowo
534 1207 709 1286 vulgariter
732 1208 857 1282 dicitur,
882 1228 953 1270 cum
972 1229 1133 1270 consensu
1149 1211 1250 1270 nostri
1268 1211 1399 1289 capituli
1417 1212 1585 1272 ecclesiam
1604 1213 1633 1272 in
1651 1211 1806 1274 honorem

256 1319 317 1380 Dei
340 1329 374 1380 et
397 1313 590 1376 Sanctorum
615 1315 757 1376 omnium
783 1313 986 1376 fundavimus
1011 1327 1044 1377 et
1068 1319 1329 1378 consecravimus
1361 1318 1508 1378 manibus
1541 1321 1668 1392 nostris,
1701 1322 1808 1400 gracia

255 1425 349 1486 nobis
372 1444 396 1484 s.
421 1421 561 1502 Spiritus
592 1421 799 1502 suffragante.
831 1422 874 1484 Et
898 1433 934 1484 ut
957 1425 988 1483 in
1014 1424 1128 1484 eadem
1154 1424 1290 1484 ecclesia
1313 1437 1422 1486 rector
1447 1427 1623 1486 animarum
1648 1439 1681 1487 et
1706 1446 1808 1488 sacra-

255 1541 437 1594 mentorum
462 1529 703 1590 administrator
719 1549 760 1590 eo
777 1532 918 1590 securior
942 1530 1056 1592 divinis
1081 1532 1236 1606 intendat,
1263 1533 1469 1608 providimus,
1494 1545 1528 1592 ut
1545 1533 1629 1594 idem
1649 1533 1809 1614 palatinus

255 1639 358 1701 eidem
384 1636 519 1700 ecclesie
544 1635 584 1698 de
610 1638 749 1716 propriis
772 1637 866 1698 bonis
890 1639 1059 1698 iuvencum
1085 1648 1119 1700 et
1142 1658 1273 1699 vaccam
1299 1650 1331 1700 et
1355 1641 1384 1698 in
1410 1637 1591 1700 Glorhowo
1608 1641 1649 1701 de
1666 1642 1751 1720 agris
1767 1641 1808 1702 ad

255 1764 408 1828 magnum
433 1753 572 1806 aratrum
598 1744 733 1806 contulit
749 1744 790 1806 ad
808 1743 978 1806 colendum
1013 1743 1083 1808 Nos
1100 1764 1231 1824 quoque
1249 1746 1289 1808 de
1307 1748 1469 1806 communi
1494 1766 1655 1808 consensu
1679 1746 1808 1826 capituli

255 1853 356 1914 nostri
373 1851 432 1912 sibi
450 1849 592 1912 decimas
615 1849 805 1922 addidimus,
830 1871 893 1930 que
910 1849 971 1912 hiis
988 1851 1171 1912 nominibus
1196 1853 1378 1912 titulantur:
1403 1854 1506 1930 ipsum
1533 1851 1710 1926 Gozdowo,
1735 1852 1809 1916 Glo-

255 1958 379 2030 chono,
404 1954 636 2036 Dzagyelowo,
661 1955 802 2034 Lelycze
827 1977 899 2018 cum
925 1970 1012 2018 sorte
1037 1957 1150 2032 ducali,
1177 1979 1239 2038 que
1261 1969 1310 2020 est
1327 1961 1357 2018 in
1378 1959 1569 2039 Raczyewo,
1594 1959 1809 2040 Czethnyw0;

255 2077 288 2128 et
305 2083 419 2126 omnes
443 2061 517 2124 ville
541 2063 675 2122 militum
700 2063 927 2142 parochialiter
951 2065 1010 2126 sibi
1035 2065 1238 2141 adiacentes;
1264 2087 1326 2146 que
1352 2085 1429 2128 vero
1455 2067 1681 2146 parochialiter
1705 2066 1808 2126 eidem

255 2171 392 2236 ecclesie
409 2169 625 2251 pertinebunt,
642 2181 717 2231 suut
733 2168 808 2233 hec:
833 2169 1009 2246 Gozdow0,
1029 2169 1219 2242 Glochowo,
1238 2170 1423 2232 Cowalewo
1442 2173 1591 2248 medium,
1617 2171 1809 2240 Coszlrowo.

256 2277 501 2358 Bycharczycze
531 2275 686 2350 medium,
718 2273 930 2357 Struschyno,
962 2277 1142 2359 Panszyno,
1176 2276 1364 2360 GolcyeWO,
1398 2277 1605 2358 Czyechoivo
1630 2289 1809 2359 utrumque,

256 2387 458 2464 Badorzyno,
480 2382 701 2466 Szagyelevm,
719 2382 908 2465 Modrzyno.
926 2383 1155 2455 Czachorowo
1174 2386 1347 2464 Colczyno,
1365 2385 1550 2465 Rampyn0‚
1569 2386 1809 2465 lialraivczyno,

255 2493 476 2572 Tarnomyno,
500 2489 689 2572 Parchowo,
718 2489 917 2570 Lyschew0,
949 2489 1217 2573 Squelyschewn‚
1248 2492 1438 2554 Tluchowo.
1471 2491 1516 2554 Ut
1540 2503 1648 2554 autem
1674 2493 1810 2555 ecclesie

255 2611 435 2662 memorate
459 2619 517 2679 per
540 2617 601 2660 nos
625 2606 657 2659 et
682 2607 827 2658 nostrum
853 2599 1028 2680 capitulum
1054 2599 1265 2674 fundacionis,
1290 2600 1548 2662 consecracionis
1573 2611 1606 2661 et
1630 2598 1810 2662 dotacionis

255 2707 375 2770 factum
399 2716 501 2768 et....
526 2705 650 2768 cunctis
673 2703 789 2766 clan'us
813 2705 976 2767 elucescat
997 2716 1030 2768 et
1048 2709 1189 2787 posteris
1213 2707 1398 2769 evidencius
1424 2709 1616 2781 innotescat,
1640 2717 1810 2788 presentes

256 2815 356 2879 nostri
381 2812 472 2893 sigilli
499 2811 673 2874 munimine
697 2821 730 2873 et
755 2813 857 2874 nostri
881 2813 1010 2891 capituli
1040 2812 1175 2876 fecimus
1207 2815 1405 2876 communiri.
1439 2813 1561 2876 Actum
1586 2823 1619 2876 et
1643 2814 1752 2874 datum
1778 2814 1810 2874 in

257 2919 395 2983 Ploczlro
419 2939 446 2979 a.
471 2917 510 2980 D.
535 2917 699 2990 MCCCV,
723 2919 965 2998 quintodecimo
988 2919 1061 2982 Kal.
1088 2920 1229 3002 Augusti
1253 2921 1298 3001 (d.
1325 2921 1367 2982 18
1390 2921 1470 2982 Iulii
1490 2921 1587 3002 1305).

362 3026 433 3088 Nos
456 3028 566 3104 itaque
590 3026 704 3088 Petrus
729 3028 906 3107 episcopus
929 3027 1126 3109 predictus..
1151 3028 1270 3090 dictam
1295 3028 1435 3090 litteram
1460 3029 1632 3090 erectionis
1648 3039 1682 3090 et
1700 3027 1810 3089 funda·

254 3137 355 3196 cionis
372 3153 481 3196 coram
499 3133 593 3196 nobis
609 3135 640 3194 in
658 3132 801 3212 capitulo
826 3133 1084 3196 mandavimus..
1109 3133 1280 3214 diligenter
1296 3136 1503 3197 examinari..
1529 3135 1570 3196 Et
1588 3136 1663 3214 quia
1679 3153 1807 3214 compe·

255 3245 353 3304 rimus
366 3261 437 3304 eam
451 3260 561 3302 veram
576 3251 608 3302 et
621 3243 709 3302 omni
724 3241 907 3320 suspicione
924 3253 1098 3314 carentem,
1116 3242 1276 3304 duntaxat
1288 3252 1397 3303 tamen
1411 3242 1548 3322 sigillum
1567 3241 1643 3304 olim
1662 3242 1807 3321 episcopi

255 3348 496 3431 predecessoris
521 3349 623 3410 nostri
639 3348 800 3408 abscisum
818 3358 851 3410 et
868 3348 1049 3427 abruptum,
1075 3349 1291 3430 peticionibus
1315 3348 1431 3428 prefati
1456 3350 1510 3410 dni
1535 3348 1687 3410 iohannis
1711 3349 1811 3410 archi·

255 3456 381 3518 diaconi
395 3456 485 3516 iustis
498 3455 607 3533 utique
622 3465 655 3516 et
668 3455 787 3516 racioni
805 3455 967 3524 consonis,
984 3458 1126 3517 maxime
1143 3476 1216 3516 cum
1234 3457 1386 3530 ecclesiis,
1404 3475 1444 3518 ne
1461 3457 1492 3516 in
1507 3457 1572 3518 suis
1591 3456 1810 3534 periclitentur

255 3563 384 3635 iuribus,
416 3564 531 3624 merito
554 3561 804 3624 succurrendum
831 3563 959 3633 existat,
984 3562 1166 3642 benigniter
1195 3575 1385 3634 annuentes,
1410 3564 1589 3641 predictam
1613 3563 1752 3622 litteram
1777 3571 1810 3622 et

255 3672 354 3750 ipsius
379 3667 509 3748 plenum
535 3677 682 3730 tenorem
708 3667 802 3730 nichil
820 3668 1003 3730 addendo..
1029 3669 1068 3729 de
1086 3689 1245 3732 consensu
1264 3690 1371 3732 vener.
1389 3679 1572 3732 nostrorum
1591 3667 1724 3730 fratrum
1741 3689 1810 3750 pre·

255 3775 392 3840 latorum
409 3786 442 3838 et
458 3777 686 3837 canonicorum
703 3773 834 3856 capituli
852 3778 954 3838 nostri
976 3774 1172 3838 Plocensis..
1197 3775 1371 3856 capitulum
1396 3777 1549 3858 generale
1573 3775 1809 3838 celebrancium

255 3884 406 3945 duximus
430 3879 728 3945 transumendum..
752 3891 785 3944 et
810 3880 1084 3944 revalidandum..
1110 3883 1144 3943 ln
1168 3885 1257 3944 cuius
1282 3886 1325 3944 rei
1351 3885 1571 3945 testimonium
1606 3892 1751 3944 nostrum
1777 3893 1810 3943 et

255 3988 385 4070 capituli
398 3991 500 4051 nostri
512 3987 614 4071 sigilla
633 3990 837 4068 presentibus
850 3999 925 4050 sunt
937 4009 1092 4070 appensa.
1109 3989 1232 4052 Actum
1246 4002 1279 4052 et
1292 3991 1402 4052 datum
1418 3991 1447 4051 in
1461 3989 1602 4052 Ploczko
1618 3991 1648 4049 in
1667 3989 1810 4068 capitulo

255 4097 397 4176 generali
421 4117 480 4176 pro
504 4095 589 4158 festo
613 4094 718 4158 Nativ.
753 4096 854 4158 Marie
888 4097 1019 4176 virginis
1051 4096 1214 4158 celebrato
1239 4097 1290 4158 die
1314 4097 1428 4158 Martis
1452 4095 1518 4158 XV
1543 4117 1582 4156 m.
1607 4093 1809 4174 Septembris

255 4224 281 4264 a.
306 4201 345 4264 D.
371 4201 714 4266 MCCCCLXXXV..

470 4395 511 4458 A.
542 4411 633 4476 1509,
659 4395 781 4476 Aprilis
807 4395 856 4468 28,
883 4397 912 4456 in
938 4397 1133 4458 consistorio
1158 4394 1313 4456 Plocensi.
1350 4417 1353 4423 ¹

363 4516 452 4584 285.
476 4521 573 4600 (Acta
597 4520 680 4582 offic.
697 4521 795 4602 lla)..
822 4520 915 4582 Dnus
940 4519 1097 4584 Officialis
1124 4541 1310 4600 processum
1338 4521 1417 4582 alias
1442 4522 1648 4582 monitorium
1674 4541 1717 4582 ex
1738 4540 1809 4582 can-

256 4626 384 4688 cellaria
408 4627 515 4688 ani..
540 4629 593 4690 dni
620 4629 744 4688 Erasmi
773 4628 808 4688 D.
834 4648 863 4708 g.
888 4629 1035 4708 episcopi
1061 4627 1226 4690 Plocensis
1250 4629 1290 4688 ad
1315 4628 1576 4708 compellendum
1602 4628 1737 4687 vicarios
1761 4646 1810 4688 ec·

255 4733 352 4794 clesie
384 4733 580 4796 cathedralis
611 4735 776 4796 Plocensis
808 4735 848 4796 ad
873 4736 1079 4814 personalem
1113 4737 1324 4796 residentiam
1358 4737 1441 4796 circa
1470 4733 1606 4795 eandem
1639 4735 1808 4794 ecclesiam

256 4851 474 4902 emanatum..
497 4843 578 4902 actis
595 4840 776 4904 huiusmodi
801 4843 985 4920 ingrossare
1010 4843 1189 4904 decrevit..
1214 4843 1435 4923 cuiusquidem
1463 4861 1667 4920 processus..
1693 4839 1808 4922 [tenor]

256 4949 401 5027 sequitur
424 4959 458 5008 et
482 4958 532 5010 est
556 4948 641 5010 talis:

364 5053 561 5116 Erasmus
595 5055 631 5116 D.
656 5075 685 5135 g.
711 5057 886 5136 episcopus
910 5055 1075 5116 Plocensis
1100 5057 1255 5118 universis
1288 5067 1321 5118 et
1345 5057 1479 5135 singulis
1504 5055 1643 5115 dominis
1668 5065 1733 5114 tam
1759 5075 1805 5115 ca·

256 5161 409 5224 thedralis
445 5181 542 5240 quam
575 5162 817 5243 collegiatarum
853 5163 1116 5224 conventualium
1149 5163 1340 5242 regularium
1376 5165 1424 5223 vel
1458 5162 1647 5224 secularium
1682 5182 1806 5222 necnon

257 5266 486 5346 parochialium
512 5270 716 5330 ecelesiarum
743 5271 920 5332 rectoribus
946 5281 977 5330 et
996 5290 1106 5331 eorum
1126 5272 1257 5332 vicariis.
1283 5269 1442 5338 altaristis,
1469 5270 1651 5337 lectoribus,
1677 5271 1810 5330 notariis

257 5371 400 5455 publicis,
426 5376 608 5436 substitutis
633 5387 697 5436 tam
723 5378 753 5436 in
780 5377 900 5437 diocesi
926 5386 959 5436 et
982 5378 1112 5438 civitate
1138 5387 1247 5437 nostra
1275 5376 1430 5450 Plocensi,
1463 5396 1559 5456 quam
1585 5376 1652 5436 aliis
1677 5375 1809 5436 ubilibet

256 5483 449 5544 constitutis.
475 5483 528 5561 qui
553 5483 759 5562 presentibus
785 5481 901 5543 fuerint
927 5485 1068 5563 requisiti
1094 5493 1149 5544 aut
1167 5503 1302 5563 quorum
1328 5485 1473 5544 intererit
1500 5483 1550 5542 vel
1574 5485 1729 5543 interesse
1756 5502 1809 5556 po·

256 5589 339 5660 terit,
363 5586 499 5649 salutem
525 5591 556 5650 in
581 5588 657 5650 Dno
681 5591 921 5669 sempiternam.
958 5590 1089 5651 Dudum
1114 5611 1174 5650 nos
1197 5592 1286 5652 iuxta
1312 5592 1580 5651 constitucionem
1606 5600 1637 5650 et
1663 5601 1808 5650 tenorem

255 5692 341 5755 bulle
365 5691 432 5754 Smi
457 5696 509 5756 dni
536 5698 637 5758 nostri
661 5697 715 5758 dni
740 5696 806 5756 lulii
825 5717 909 5776 pape
932 5697 959 5758 II
984 5697 1118 5759 feliciter
1142 5697 1287 5758 moderni
1312 5717 1425 5758 omnes
1450 5710 1483 5758 et
1500 5697 1645 5776 singulos
1670 5697 1808 5756 vicarios
