<?xml version="1.0" encoding="UTF-8"?>
<!DOCTYPE html PUBLIC "-//W3C//DTD XHTML 1.0 Transitional//EN"
    "http://www.w3.org/TR/xhtml1/DTD/xhtml1-transitional.dtd">
<html xmlns="http://www.w3.org/1999/xhtml" xml:lang="en" lang="en">
 <head>
  <title>
</title>
<meta http-equiv="Content-Type" content="text/html;charset=utf-8" />
  <meta name='ocr-system' content='tesseract 3.04.00' />
  <meta name='ocr-capabilities' content='ocr_page ocr_carea ocr_par ocr_line ocrx_word'/>
</head>
<body>
  <div class='ocr_page' id='page_1' title='image "actacapitulorum01czubgoog_0041.png"; bbox 0 0 4392 6672; ppageno 0'>
   <div class='ocr_carea' id='block_1_1' title="bbox 912 678 1779 765">
    <p class='ocr_par' dir='ltr' id='par_1_1' title="bbox 912 678 1779 765">
     <span class='ocr_line' id='line_1_1' title="bbox 912 678 1779 765; baseline 0.009 -38"><span class='ocrx_word' id='word_1_1' title='bbox 912 681 999 730; x_wconf 78' lang='lat' dir='ltr'>ANNI</span> <span class='ocrx_word' id='word_1_2' title='bbox 1019 678 1096 732; x_wconf 71' lang='lat'>1466.</span> <span class='ocrx_word' id='word_1_3' title='bbox 1738 700 1779 765; x_wconf 85' lang='lat'>27</span> 
     </span>
    </p>
   </div>
   <div class='ocr_carea' id='block_1_2' title="bbox 228 767 1775 782">
    <p class='ocr_par' dir='ltr' id='par_1_2' title="bbox 228 767 1775 782">
     <span class='ocr_line' id='line_1_2' title="bbox 228 767 1775 782; baseline 0.004 -6"><span class='ocrx_word' id='word_1_4' title='bbox 228 767 1534 781; x_wconf 41' lang='lat' dir='ltr'>*mmmm-Q</span> <span class='ocrx_word' id='word_1_5' title='bbox 1545 776 1750 782; x_wconf 79' lang='lat'><em>.-......--....-.-</em></span> <span class='ocrx_word' id='word_1_6' title='bbox 1763 779 1775 782; x_wconf 85' lang='lat'><em>-</em></span> 
     </span>
    </p>
   </div>
   <div class='ocr_carea' id='block_1_3' title="bbox 226 883 1779 2250">
    <p class='ocr_par' dir='ltr' id='par_1_3' title="bbox 226 883 1779 2250">
     <span class='ocr_line' id='line_1_3' title="bbox 228 883 1779 962; baseline 0.005 -13"><span class='ocrx_word' id='word_1_7' title='bbox 228 883 355 962; x_wconf 84' lang='lat' dir='ltr'>publice</span> <span class='ocrx_word' id='word_1_8' title='bbox 384 893 414 950; x_wconf 89' lang='lat' dir='ltr'>in</span> <span class='ocrx_word' id='word_1_9' title='bbox 439 888 573 952; x_wconf 83' lang='lat' dir='ltr'>ecclesia</span> <span class='ocrx_word' id='word_1_10' title='bbox 599 910 708 952; x_wconf 91' lang='lat' dir='ltr'>coram</span> <span class='ocrx_word' id='word_1_11' title='bbox 733 891 1003 953; x_wconf 87' lang='lat' dir='ltr'>Christifidelibus</span> <span class='ocrx_word' id='word_1_12' title='bbox 1027 893 1311 955; x_wconf 84' lang='lat' dir='ltr'>excommunicare</span> <span class='ocrx_word' id='word_1_13' title='bbox 1335 893 1508 956; x_wconf 84' lang='lat' dir='ltr'>mandasse</span> <span class='ocrx_word' id='word_1_14' title='bbox 1538 907 1570 956; x_wconf 92' lang='lat' dir='ltr'>et</span> <span class='ocrx_word' id='word_1_15' title='bbox 1595 915 1779 958; x_wconf 91' lang='lat' dir='ltr'>excommu-</span> 
     </span>
     <span class='ocr_line' id='line_1_4' title="bbox 227 995 1779 1081; baseline 0.008 -27"><span class='ocrx_word' id='word_1_16' title='bbox 227 995 368 1056; x_wconf 89' lang='lat' dir='ltr'>nicatum</span> <span class='ocrx_word' id='word_1_17' title='bbox 402 999 633 1076; x_wconf 77' lang='lat' dir='ltr'>pronunciasse</span> <span class='ocrx_word' id='word_1_18' title='bbox 665 997 792 1073; x_wconf 84' lang='lat' dir='ltr'>sibique</span> <span class='ocrx_word' id='word_1_19' title='bbox 824 999 901 1059; x_wconf 88' lang='lat' dir='ltr'>talia</span> <span class='ocrx_word' id='word_1_20' title='bbox 925 999 1031 1060; x_wconf 84' lang='lat' dir='ltr'>facere</span> <span class='ocrx_word' id='word_1_21' title='bbox 1063 1019 1126 1060; x_wconf 91' lang='lat' dir='ltr'>non</span> <span class='ocrx_word' id='word_1_22' title='bbox 1152 998 1278 1062; x_wconf 87' lang='lat' dir='ltr'>licuisse</span> <span class='ocrx_word' id='word_1_23' title='bbox 1310 1012 1343 1062; x_wconf 90' lang='lat' dir='ltr'>et</span> <span class='ocrx_word' id='word_1_24' title='bbox 1367 1001 1410 1062; x_wconf 94' lang='lat' dir='ltr'>ob</span> <span class='ocrx_word' id='word_1_25' title='bbox 1434 999 1497 1062; x_wconf 89' lang='lat' dir='ltr'>hoc</span> <span class='ocrx_word' id='word_1_26' title='bbox 1521 1002 1626 1081; x_wconf 87' lang='lat' dir='ltr'>ipsum</span> <span class='ocrx_word' id='word_1_27' title='bbox 1652 1006 1779 1066; x_wconf 84' lang='lat' dir='ltr'>racione</span> 
     </span>
     <span class='ocr_line' id='line_1_5' title="bbox 227 1102 1775 1172; baseline 0.008 -12"><span class='ocrx_word' id='word_1_28' title='bbox 227 1102 409 1164; x_wconf 90' lang='lat' dir='ltr'>huiusmodi</span> <span class='ocrx_word' id='word_1_29' title='bbox 432 1105 614 1162; x_wconf 86' lang='lat' dir='ltr'>iniuriarum</span> <span class='ocrx_word' id='word_1_30' title='bbox 641 1106 671 1163; x_wconf 93' lang='lat' dir='ltr'>in</span> <span class='ocrx_word' id='word_1_31' title='bbox 698 1103 740 1164; x_wconf 96' lang='lat' dir='ltr'>llI</span> <span class='ocrx_word' id='word_1_32' title='bbox 764 1103 830 1166; x_wconf 86' lang='lat' dir='ltr'>lior.</span> <span class='ocrx_word' id='word_1_33' title='bbox 856 1105 1137 1167; x_wconf 86' lang='lat' dir='ltr'>condemnandum</span> <span class='ocrx_word' id='word_1_34' title='bbox 1163 1127 1236 1168; x_wconf 88' lang='lat' dir='ltr'>esse</span> <span class='ocrx_word' id='word_1_35' title='bbox 1260 1119 1293 1168; x_wconf 90' lang='lat' dir='ltr'>et</span> <span class='ocrx_word' id='word_1_36' title='bbox 1317 1106 1357 1167; x_wconf 86' lang='lat' dir='ltr'>ad</span> <span class='ocrx_word' id='word_1_37' title='bbox 1375 1110 1573 1170; x_wconf 88' lang='lat' dir='ltr'>solucionem</span> <span class='ocrx_word' id='word_1_38' title='bbox 1598 1111 1775 1172; x_wconf 92' lang='lat' dir='ltr'>eorundem</span> 
     </span>
     <span class='ocr_line' id='line_1_6' title="bbox 227 1208 1778 1296; baseline 0.007 -29"><span class='ocrx_word' id='word_1_39' title='bbox 227 1208 491 1270; x_wconf 85' lang='lat' dir='ltr'>condemnamus.</span> <span class='ocrx_word' id='word_1_40' title='bbox 533 1209 599 1270; x_wconf 88' lang='lat' dir='ltr'>Pari</span> <span class='ocrx_word' id='word_1_41' title='bbox 624 1210 723 1272; x_wconf 93' lang='lat' dir='ltr'>modo</span> <span class='ocrx_word' id='word_1_42' title='bbox 755 1212 921 1274; x_wconf 83' lang='lat' dir='ltr'>sentencia</span> <span class='ocrx_word' id='word_1_43' title='bbox 955 1215 1206 1291; x_wconf 82' lang='lat' dir='ltr'>pronunciamus</span> <span class='ocrx_word' id='word_1_44' title='bbox 1237 1215 1351 1275; x_wconf 89' lang='lat' dir='ltr'>sodam</span> <span class='ocrx_word' id='word_1_45' title='bbox 1376 1216 1418 1275; x_wconf 89' lang='lat' dir='ltr'>de</span> <span class='ocrx_word' id='word_1_46' title='bbox 1441 1217 1545 1276; x_wconf 89' lang='lat' dir='ltr'>serico</span> <span class='ocrx_word' id='word_1_47' title='bbox 1569 1227 1695 1278; x_wconf 84' lang='lat' dir='ltr'>textam</span> <span class='ocrx_word' id='word_1_48' title='bbox 1722 1239 1778 1296; x_wconf 92' lang='lat' dir='ltr'>per</span> 
     </span>
     <span class='ocr_line' id='line_1_7' title="bbox 227 1315 1779 1400; baseline 0.005 -24"><span class='ocrx_word' id='word_1_49' title='bbox 227 1316 346 1376; x_wconf 88' lang='lat' dir='ltr'>dictum</span> <span class='ocrx_word' id='word_1_50' title='bbox 372 1315 548 1376; x_wconf 80' lang='lat' dir='ltr'>Iohannem</span> <span class='ocrx_word' id='word_1_51' title='bbox 574 1317 663 1378; x_wconf 90' lang='lat' dir='ltr'>dicto</span> <span class='ocrx_word' id='word_1_52' title='bbox 688 1316 819 1378; x_wconf 88' lang='lat' dir='ltr'>Iohanni</span> <span class='ocrx_word' id='word_1_53' title='bbox 847 1317 987 1396; x_wconf 85' lang='lat' dir='ltr'>plebano</span> <span class='ocrx_word' id='word_1_54' title='bbox 1012 1340 1071 1398; x_wconf 91' lang='lat' dir='ltr'>pro</span> <span class='ocrx_word' id='word_1_55' title='bbox 1094 1319 1258 1400; x_wconf 89' lang='lat' dir='ltr'>explenda</span> <span class='ocrx_word' id='word_1_56' title='bbox 1283 1325 1469 1382; x_wconf 84' lang='lat' dir='ltr'>reverencia</span> <span class='ocrx_word' id='word_1_57' title='bbox 1493 1323 1577 1383; x_wconf 89' lang='lat' dir='ltr'>circa</span> <span class='ocrx_word' id='word_1_58' title='bbox 1601 1343 1779 1384; x_wconf 85' lang='lat' dir='ltr'>sacramen·</span> 
     </span>
     <span class='ocr_line' id='line_1_8' title="bbox 230 1422 1779 1507; baseline 0.006 -25"><span class='ocrx_word' id='word_1_59' title='bbox 230 1435 295 1482; x_wconf 88' lang='lat' dir='ltr'>tum</span> <span class='ocrx_word' id='word_1_60' title='bbox 322 1423 477 1500; x_wconf 84' lang='lat' dir='ltr'>Corporis</span> <span class='ocrx_word' id='word_1_61' title='bbox 502 1422 620 1484; x_wconf 85' lang='lat' dir='ltr'>Christi</span> <span class='ocrx_word' id='word_1_62' title='bbox 645 1425 914 1496; x_wconf 89' lang='lat' dir='ltr'>accommodasse</span> <span class='ocrx_word' id='word_1_63' title='bbox 937 1426 1107 1505; x_wconf 87' lang='lat' dir='ltr'>ipsamque</span> <span class='ocrx_word' id='word_1_64' title='bbox 1133 1425 1207 1488; x_wconf 84' lang='lat' dir='ltr'>licet</span> <span class='ocrx_word' id='word_1_65' title='bbox 1236 1428 1406 1507; x_wconf 88' lang='lat' dir='ltr'>requisitus</span> <span class='ocrx_word' id='word_1_66' title='bbox 1430 1431 1598 1490; x_wconf 87' lang='lat' dir='ltr'>restituere</span> <span class='ocrx_word' id='word_1_67' title='bbox 1622 1431 1779 1493; x_wconf 89' lang='lat' dir='ltr'>contradi·</span> 
     </span>
     <span class='ocr_line' id='line_1_9' title="bbox 227 1530 1779 1616; baseline 0.008 -28"><span class='ocrx_word' id='word_1_68' title='bbox 227 1530 315 1588; x_wconf 81' lang='lat' dir='ltr'>xisse</span> <span class='ocrx_word' id='word_1_69' title='bbox 340 1541 372 1590; x_wconf 90' lang='lat' dir='ltr'>et</span> <span class='ocrx_word' id='word_1_70' title='bbox 397 1530 619 1590; x_wconf 85' lang='lat' dir='ltr'>contradicere</span> <span class='ocrx_word' id='word_1_71' title='bbox 644 1544 677 1591; x_wconf 87' lang='lat' dir='ltr'>et</span> <span class='ocrx_word' id='word_1_72' title='bbox 702 1531 744 1590; x_wconf 93' lang='lat' dir='ltr'>ob</span> <span class='ocrx_word' id='word_1_73' title='bbox 761 1530 824 1592; x_wconf 91' lang='lat' dir='ltr'>hoc</span> <span class='ocrx_word' id='word_1_74' title='bbox 849 1534 953 1610; x_wconf 91' lang='lat' dir='ltr'>ipsum</span> <span class='ocrx_word' id='word_1_75' title='bbox 979 1531 1019 1592; x_wconf 95' lang='lat' dir='ltr'>ad</span> <span class='ocrx_word' id='word_1_76' title='bbox 1037 1533 1271 1594; x_wconf 91' lang='lat' dir='ltr'>restituendum</span> <span class='ocrx_word' id='word_1_77' title='bbox 1296 1537 1431 1597; x_wconf 88' lang='lat' dir='ltr'>eandem</span> <span class='ocrx_word' id='word_1_78' title='bbox 1457 1538 1518 1616; x_wconf 91' lang='lat' dir='ltr'>ipsi</span> <span class='ocrx_word' id='word_1_79' title='bbox 1543 1535 1675 1598; x_wconf 86' lang='lat' dir='ltr'>Iohanni</span> <span class='ocrx_word' id='word_1_80' title='bbox 1700 1540 1779 1602; x_wconf 92' lang='lat' dir='ltr'>alias</span> 
     </span>
     <span class='ocr_line' id='line_1_10' title="bbox 226 1635 1778 1721; baseline 0.007 -26"><span class='ocrx_word' id='word_1_81' title='bbox 226 1639 327 1715; x_wconf 90' lang='lat' dir='ltr'>ipsius</span> <span class='ocrx_word' id='word_1_82' title='bbox 351 1635 493 1697; x_wconf 81' lang='lat' dir='ltr'>valorem</span> <span class='ocrx_word' id='word_1_83' title='bbox 519 1639 656 1698; x_wconf 87' lang='lat' dir='ltr'>iuratum</span> <span class='ocrx_word' id='word_1_84' title='bbox 681 1636 830 1699; x_wconf 89' lang='lat' dir='ltr'>videlicet</span> <span class='ocrx_word' id='word_1_85' title='bbox 855 1638 897 1700; x_wconf 93' lang='lat' dir='ltr'>III</span> <span class='ocrx_word' id='word_1_86' title='bbox 922 1638 1097 1702; x_wconf 86' lang='lat' dir='ltr'>florenos..</span> <span class='ocrx_word' id='word_1_87' title='bbox 1129 1640 1353 1720; x_wconf 88' lang='lat' dir='ltr'>compellimus</span> <span class='ocrx_word' id='word_1_88' title='bbox 1386 1662 1445 1721; x_wconf 86' lang='lat' dir='ltr'>per</span> <span class='ocrx_word' id='word_1_89' title='bbox 1481 1655 1656 1721; x_wconf 88' lang='lat' dir='ltr'>presentes.</span> <span class='ocrx_word' id='word_1_90' title='bbox 1697 1644 1778 1706; x_wconf 90' lang='lat' dir='ltr'>Item</span> 
     </span>
     <span class='ocr_line' id='line_1_11' title="bbox 227 1745 1778 1828; baseline 0.006 -26"><span class='ocrx_word' id='word_1_91' title='bbox 227 1745 508 1823; x_wconf 68' lang='lat' dir='ltr'>pronunciamus„</span> <span class='ocrx_word' id='word_1_92' title='bbox 533 1745 758 1825; x_wconf 84' lang='lat' dir='ltr'>Impeticiones</span> <span class='ocrx_word' id='word_1_93' title='bbox 781 1765 838 1807; x_wconf 90' lang='lat' dir='ltr'>seu</span> <span class='ocrx_word' id='word_1_94' title='bbox 864 1747 1059 1808; x_wconf 90' lang='lat' dir='ltr'>vexaciones</span> <span class='ocrx_word' id='word_1_95' title='bbox 1084 1763 1142 1827; x_wconf 89' lang='lat' dir='ltr'>per</span> <span class='ocrx_word' id='word_1_96' title='bbox 1166 1748 1286 1809; x_wconf 88' lang='lat' dir='ltr'>dictum</span> <span class='ocrx_word' id='word_1_97' title='bbox 1313 1747 1488 1810; x_wconf 88' lang='lat' dir='ltr'>Iohannem</span> <span class='ocrx_word' id='word_1_98' title='bbox 1514 1769 1611 1828; x_wconf 90' lang='lat' dir='ltr'>super</span> <span class='ocrx_word' id='word_1_99' title='bbox 1636 1750 1778 1828; x_wconf 92' lang='lat' dir='ltr'>quodam</span> 
     </span>
     <span class='ocr_line' id='line_1_12' title="bbox 227 1850 1778 1937; baseline 0.005 -26"><span class='ocrx_word' id='word_1_100' title='bbox 227 1851 362 1912; x_wconf 89' lang='lat' dir='ltr'>servicio</span> <span class='ocrx_word' id='word_1_101' title='bbox 387 1870 444 1912; x_wconf 91' lang='lat' dir='ltr'>seu</span> <span class='ocrx_word' id='word_1_102' title='bbox 461 1852 644 1931; x_wconf 90' lang='lat' dir='ltr'>equitatura</span> <span class='ocrx_word' id='word_1_103' title='bbox 668 1852 709 1910; x_wconf 89' lang='lat' dir='ltr'>ad</span> <span class='ocrx_word' id='word_1_104' title='bbox 726 1850 917 1912; x_wconf 87' lang='lat' dir='ltr'>Cracoviam</span> <span class='ocrx_word' id='word_1_105' title='bbox 943 1851 1040 1913; x_wconf 89' lang='lat' dir='ltr'>fuisse</span> <span class='ocrx_word' id='word_1_106' title='bbox 1064 1865 1097 1914; x_wconf 91' lang='lat' dir='ltr'>et</span> <span class='ocrx_word' id='word_1_107' title='bbox 1114 1873 1188 1914; x_wconf 91' lang='lat' dir='ltr'>esse</span> <span class='ocrx_word' id='word_1_108' title='bbox 1204 1852 1329 1915; x_wconf 90' lang='lat' dir='ltr'>illicitas</span> <span class='ocrx_word' id='word_1_109' title='bbox 1354 1855 1444 1916; x_wconf 89' lang='lat' dir='ltr'>etde</span> <span class='ocrx_word' id='word_1_110' title='bbox 1462 1855 1548 1916; x_wconf 84' lang='lat' dir='ltr'>Iacto</span> <span class='ocrx_word' id='word_1_111' title='bbox 1569 1867 1778 1937; x_wconf 85' lang='lat' dir='ltr'>presumptas</span> 
     </span>
     <span class='ocr_line' id='line_1_13' title="bbox 227 1957 1778 2041; baseline 0.004 -23"><span class='ocrx_word' id='word_1_112' title='bbox 227 1968 259 2018; x_wconf 90' lang='lat' dir='ltr'>et</span> <span class='ocrx_word' id='word_1_113' title='bbox 284 1957 326 2016; x_wconf 94' lang='lat' dir='ltr'>ob</span> <span class='ocrx_word' id='word_1_114' title='bbox 352 1957 413 2017; x_wconf 92' lang='lat' dir='ltr'>hoc</span> <span class='ocrx_word' id='word_1_115' title='bbox 437 1959 542 2036; x_wconf 92' lang='lat' dir='ltr'>ipsum</span> <span class='ocrx_word' id='word_1_116' title='bbox 567 1957 742 2037; x_wconf 86' lang='lat' dir='ltr'>plebanum</span> <span class='ocrx_word' id='word_1_117' title='bbox 768 1958 809 2019; x_wconf 93' lang='lat' dir='ltr'>ab</span> <span class='ocrx_word' id='word_1_118' title='bbox 834 1958 1016 2020; x_wconf 90' lang='lat' dir='ltr'>huiusmodi</span> <span class='ocrx_word' id='word_1_119' title='bbox 1041 1961 1303 2040; x_wconf 90' lang='lat' dir='ltr'>impetici0nibus</span> <span class='ocrx_word' id='word_1_120' title='bbox 1328 1981 1426 2041; x_wconf 90' lang='lat' dir='ltr'>super</span> <span class='ocrx_word' id='word_1_121' title='bbox 1449 1965 1585 2024; x_wconf 88' lang='lat' dir='ltr'>servicio</span> <span class='ocrx_word' id='word_1_122' title='bbox 1610 1965 1778 2024; x_wconf 89' lang='lat' dir='ltr'>absolven-</span> 
     </span>
     <span class='ocr_line' id='line_1_14' title="bbox 226 2062 1779 2147; baseline 0.005 -23"><span class='ocrx_word' id='word_1_123' title='bbox 226 2065 301 2124; x_wconf 93' lang='lat' dir='ltr'>dum</span> <span class='ocrx_word' id='word_1_124' title='bbox 326 2062 394 2124; x_wconf 86' lang='lat' dir='ltr'>lore</span> <span class='ocrx_word' id='word_1_125' title='bbox 418 2075 450 2126; x_wconf 89' lang='lat' dir='ltr'>et</span> <span class='ocrx_word' id='word_1_126' title='bbox 475 2063 671 2126; x_wconf 89' lang='lat' dir='ltr'>absolvimus</span> <span class='ocrx_word' id='word_1_127' title='bbox 696 2086 754 2145; x_wconf 90' lang='lat' dir='ltr'>per</span> <span class='ocrx_word' id='word_1_128' title='bbox 779 2077 956 2145; x_wconf 74' lang='lat' dir='ltr'>presentes</span> <span class='ocrx_word' id='word_1_129' title='bbox 990 2068 1049 2128; x_wconf 87' lang='lat' dir='ltr'>sibi</span> <span class='ocrx_word' id='word_1_130' title='bbox 1075 2067 1208 2128; x_wconf 82' lang='lat' dir='ltr'>Iohanni</span> <span class='ocrx_word' id='word_1_131' title='bbox 1232 2089 1330 2147; x_wconf 91' lang='lat' dir='ltr'>super</span> <span class='ocrx_word' id='word_1_132' title='bbox 1355 2069 1476 2130; x_wconf 87' lang='lat' dir='ltr'>eisdem</span> <span class='ocrx_word' id='word_1_133' title='bbox 1501 2067 1701 2131; x_wconf 90' lang='lat' dir='ltr'>silencium..</span> <span class='ocrx_word' id='word_1_134' title='bbox 1725 2072 1779 2131; x_wconf 89' lang='lat' dir='ltr'>lm·</span> 
     </span>
     <span class='ocr_line' id='line_1_15' title="bbox 226 2189 408 2250; baseline 0 -19"><span class='ocrx_word' id='word_1_135' title='bbox 226 2189 408 2250; x_wconf 91' lang='lat' dir='ltr'>pommus..</span> 
     </span>
    </p>
   </div>
   <div class='ocr_carea' id='block_1_4' title="bbox 439 2362 1436 2444">
    <p class='ocr_par' dir='ltr' id='par_1_4' title="bbox 439 2362 1436 2444">
     <span class='ocr_line' id='line_1_16' title="bbox 439 2362 1436 2444; baseline 0.007 -20"><span class='ocrx_word' id='word_1_136' title='bbox 439 2363 480 2425; x_wconf 89' lang='lat' dir='ltr'>A.</span> <span class='ocrx_word' id='word_1_137' title='bbox 511 2364 601 2440; x_wconf 81' lang='lat'>1466,</span> <span class='ocrx_word' id='word_1_138' title='bbox 626 2362 831 2444; x_wconf 90' lang='lat' dir='ltr'>Septembris</span> <span class='ocrx_word' id='word_1_139' title='bbox 859 2382 906 2436; x_wconf 87' lang='lat'>10,</span> <span class='ocrx_word' id='word_1_140' title='bbox 930 2367 961 2426; x_wconf 83' lang='lat' dir='ltr'>ln</span> <span class='ocrx_word' id='word_1_141' title='bbox 987 2368 1180 2429; x_wconf 90' lang='lat' dir='ltr'>consistorio</span> <span class='ocrx_word' id='word_1_142' title='bbox 1206 2366 1436 2431; x_wconf 89' lang='lat' dir='ltr'>Polthoviensi.</span> 
     </span>
    </p>
   </div>
   <div class='ocr_carea' id='block_1_5' title="bbox 159 2475 1778 3858">
    <p class='ocr_par' dir='ltr' id='par_1_5' title="bbox 159 2475 1778 3858">
     <span class='ocr_line' id='line_1_17' title="bbox 333 2475 1778 2576; baseline 0.001 -22"><span class='ocrx_word' id='word_1_143' title='bbox 333 2475 699 2570; x_wconf 58' lang='lat' dir='ltr'>talliationem).</span> <span class='ocrx_word' id='word_1_144' title='bbox 725 2491 759 2552; x_wconf 93' lang='lat' dir='ltr'>In</span> <span class='ocrx_word' id='word_1_145' title='bbox 784 2511 879 2554; x_wconf 89' lang='lat' dir='ltr'>causa</span> <span class='ocrx_word' id='word_1_146' title='bbox 904 2513 1010 2555; x_wconf 90' lang='lat' dir='ltr'>vener.</span> <span class='ocrx_word' id='word_1_147' title='bbox 1037 2492 1122 2554; x_wconf 89' lang='lat' dir='ltr'>Pauli</span> <span class='ocrx_word' id='word_1_148' title='bbox 1148 2492 1188 2554; x_wconf 93' lang='lat' dir='ltr'>de</span> <span class='ocrx_word' id='word_1_149' title='bbox 1214 2491 1393 2576; x_wconf 90' lang='lat' dir='ltr'>Golynyno</span> <span class='ocrx_word' id='word_1_150' title='bbox 1418 2505 1478 2557; x_wconf 91' lang='lat' dir='ltr'>etc.</span> <span class='ocrx_word' id='word_1_151' title='bbox 1503 2494 1632 2576; x_wconf 90' lang='lat' dir='ltr'>plebani</span> <span class='ocrx_word' id='word_1_152' title='bbox 1657 2497 1688 2556; x_wconf 83' lang='lat' dir='ltr'>ln</span> <span class='ocrx_word' id='word_1_153' title='bbox 1713 2495 1778 2556; x_wconf 94' lang='lat' dir='ltr'>No-</span> 
     </span>
     <span class='ocr_line' id='line_1_18' title="bbox 226 2597 1777 2681; baseline 0.004 -25"><span class='ocrx_word' id='word_1_154' title='bbox 226 2597 366 2676; x_wconf 88' lang='lat' dir='ltr'>szylsko,</span> <span class='ocrx_word' id='word_1_155' title='bbox 391 2597 474 2658; x_wconf 93' lang='lat' dir='ltr'>dnus</span> <span class='ocrx_word' id='word_1_156' title='bbox 498 2597 653 2659; x_wconf 93' lang='lat' dir='ltr'>Nicolaus</span> <span class='ocrx_word' id='word_1_157' title='bbox 677 2602 859 2673; x_wconf 90' lang='lat' dir='ltr'>canonicus,</span> <span class='ocrx_word' id='word_1_158' title='bbox 884 2611 1075 2681; x_wconf 90' lang='lat' dir='ltr'>procurator</span> <span class='ocrx_word' id='word_1_159' title='bbox 1098 2599 1152 2662; x_wconf 91' lang='lat' dir='ltr'>dni</span> <span class='ocrx_word' id='word_1_160' title='bbox 1176 2601 1328 2672; x_wconf 90' lang='lat' dir='ltr'>doctoris,</span> <span class='ocrx_word' id='word_1_161' title='bbox 1353 2603 1516 2664; x_wconf 88' lang='lat' dir='ltr'>accusavit</span> <span class='ocrx_word' id='word_1_162' title='bbox 1540 2605 1777 2665; x_wconf 89' lang='lat' dir='ltr'>contumaciam</span> 
     </span>
     <span class='ocr_line' id='line_1_19' title="bbox 226 2703 1778 2790; baseline 0.004 -26"><span class='ocrx_word' id='word_1_163' title='bbox 226 2703 341 2766; x_wconf 92' lang='lat' dir='ltr'>nobilis</span> <span class='ocrx_word' id='word_1_164' title='bbox 366 2703 489 2766; x_wconf 92' lang='lat' dir='ltr'>Nicolai</span> <span class='ocrx_word' id='word_1_165' title='bbox 522 2705 562 2765; x_wconf 89' lang='lat' dir='ltr'>de</span> <span class='ocrx_word' id='word_1_166' title='bbox 586 2705 729 2783; x_wconf 86' lang='lat' dir='ltr'>Pnyewo</span> <span class='ocrx_word' id='word_1_167' title='bbox 754 2726 819 2768; x_wconf 93' lang='lat' dir='ltr'>non</span> <span class='ocrx_word' id='word_1_168' title='bbox 844 2708 1111 2771; x_wconf 87' lang='lat' dir='ltr'>reconvenientis.</span> <span class='ocrx_word' id='word_1_169' title='bbox 1154 2708 1207 2770; x_wconf 91' lang='lat' dir='ltr'>Ex</span> <span class='ocrx_word' id='word_1_170' title='bbox 1230 2706 1368 2770; x_wconf 87' lang='lat' dir='ltr'>adverso</span> <span class='ocrx_word' id='word_1_171' title='bbox 1392 2706 1554 2783; x_wconf 87' lang='lat' dir='ltr'>Gamleth,</span> <span class='ocrx_word' id='word_1_172' title='bbox 1588 2721 1778 2790; x_wconf 88' lang='lat' dir='ltr'>procurator</span> 
     </span>
     <span class='ocr_line' id='line_1_20' title="bbox 226 2809 1778 2896; baseline 0.005 -25"><span class='ocrx_word' id='word_1_173' title='bbox 226 2811 342 2872; x_wconf 80' lang='lat' dir='ltr'>nobiIIs</span> <span class='ocrx_word' id='word_1_174' title='bbox 365 2809 490 2874; x_wconf 90' lang='lat' dir='ltr'>Nicolai</span> <span class='ocrx_word' id='word_1_175' title='bbox 516 2817 696 2894; x_wconf 89' lang='lat' dir='ltr'>proposuit,</span> <span class='ocrx_word' id='word_1_176' title='bbox 725 2814 812 2892; x_wconf 93' lang='lat' dir='ltr'>quod</span> <span class='ocrx_word' id='word_1_177' title='bbox 837 2815 986 2894; x_wconf 77' lang='lat' dir='ltr'>quamvls</span> <span class='ocrx_word' id='word_1_178' title='bbox 1011 2835 1117 2876; x_wconf 88' lang='lat' dir='ltr'>vener.</span> <span class='ocrx_word' id='word_1_179' title='bbox 1143 2815 1225 2876; x_wconf 91' lang='lat' dir='ltr'>dnus</span> <span class='ocrx_word' id='word_1_180' title='bbox 1250 2815 1367 2876; x_wconf 90' lang='lat' dir='ltr'>Paulus</span> <span class='ocrx_word' id='word_1_181' title='bbox 1391 2815 1432 2878; x_wconf 91' lang='lat' dir='ltr'>de</span> <span class='ocrx_word' id='word_1_182' title='bbox 1457 2813 1644 2896; x_wconf 87' lang='lat' dir='ltr'>Golynyn0‚</span> <span class='ocrx_word' id='word_1_183' title='bbox 1670 2817 1778 2879; x_wconf 87' lang='lat' dir='ltr'>decre·</span> 
     </span>
     <span class='ocr_line' id='line_1_21' title="bbox 225 2918 1778 3005; baseline 0.005 -27"><span class='ocrx_word' id='word_1_184' title='bbox 225 2930 330 2979; x_wconf 89' lang='lat' dir='ltr'>torum</span> <span class='ocrx_word' id='word_1_185' title='bbox 356 2918 480 2988; x_wconf 84' lang='lat' dir='ltr'>doctor,</span> <span class='ocrx_word' id='word_1_186' title='bbox 505 2940 661 2982; x_wconf 88' lang='lat' dir='ltr'>excausa</span> <span class='ocrx_word' id='word_1_187' title='bbox 687 2921 938 3000; x_wconf 88' lang='lat' dir='ltr'>permutacionis</span> <span class='ocrx_word' id='word_1_188' title='bbox 962 2941 1034 2982; x_wconf 92' lang='lat' dir='ltr'>cum</span> <span class='ocrx_word' id='word_1_189' title='bbox 1059 2922 1157 2984; x_wconf 92' lang='lat' dir='ltr'>nobili</span> <span class='ocrx_word' id='word_1_190' title='bbox 1182 2920 1318 2984; x_wconf 87' lang='lat' dir='ltr'>Nicolao</span> <span class='ocrx_word' id='word_1_191' title='bbox 1342 2923 1383 2984; x_wconf 91' lang='lat' dir='ltr'>de</span> <span class='ocrx_word' id='word_1_192' title='bbox 1400 2921 1544 3005; x_wconf 88' lang='lat' dir='ltr'>Pnyewo</span> <span class='ocrx_word' id='word_1_193' title='bbox 1569 2944 1629 3004; x_wconf 91' lang='lat' dir='ltr'>pro</span> <span class='ocrx_word' id='word_1_194' title='bbox 1652 2924 1778 2986; x_wconf 82' lang='lat' dir='ltr'>decIma</span> 
     </span>
     <span class='ocr_line' id='line_1_22' title="bbox 226 3026 1777 3109; baseline 0.004 -23"><span class='ocrx_word' id='word_1_195' title='bbox 226 3027 414 3106; x_wconf 89' lang='lat' dir='ltr'>manipulari</span> <span class='ocrx_word' id='word_1_196' title='bbox 447 3048 490 3088; x_wconf 89' lang='lat' dir='ltr'>ex</span> <span class='ocrx_word' id='word_1_197' title='bbox 513 3026 694 3088; x_wconf 89' lang='lat' dir='ltr'>hereditate</span> <span class='ocrx_word' id='word_1_198' title='bbox 726 3037 759 3089; x_wconf 89' lang='lat' dir='ltr'>et</span> <span class='ocrx_word' id='word_1_199' title='bbox 782 3029 868 3108; x_wconf 86' lang='lat' dir='ltr'>agris</span> <span class='ocrx_word' id='word_1_200' title='bbox 893 3030 993 3108; x_wconf 87' lang='lat' dir='ltr'>ipsius</span> <span class='ocrx_word' id='word_1_201' title='bbox 1017 3027 1140 3090; x_wconf 87' lang='lat' dir='ltr'>Nicolai</span> <span class='ocrx_word' id='word_1_202' title='bbox 1167 3028 1334 3091; x_wconf 87' lang='lat' dir='ltr'>cuiuslibet</span> <span class='ocrx_word' id='word_1_203' title='bbox 1359 3032 1449 3109; x_wconf 84' lang='lat' dir='ltr'>grani</span> <span class='ocrx_word' id='word_1_204' title='bbox 1480 3040 1513 3093; x_wconf 88' lang='lat' dir='ltr'>et</span> <span class='ocrx_word' id='word_1_205' title='bbox 1536 3032 1668 3092; x_wconf 86' lang='lat' dir='ltr'>seminis</span> <span class='ocrx_word' id='word_1_206' title='bbox 1693 3031 1777 3092; x_wconf 87' lang='lat' dir='ltr'>sacte</span> 
     </span>
     <span class='ocr_line' id='line_1_23' title="bbox 226 3133 1776 3215; baseline 0.003 -22"><span class='ocrx_word' id='word_1_207' title='bbox 226 3145 362 3212; x_wconf 87' lang='lat' dir='ltr'>pratum,</span> <span class='ocrx_word' id='word_1_208' title='bbox 387 3135 475 3212; x_wconf 92' lang='lat' dir='ltr'>quod</span> <span class='ocrx_word' id='word_1_209' title='bbox 499 3135 582 3194; x_wconf 90' lang='lat' dir='ltr'>iacet</span> <span class='ocrx_word' id='word_1_210' title='bbox 607 3135 690 3195; x_wconf 90' lang='lat' dir='ltr'>circa</span> <span class='ocrx_word' id='word_1_211' title='bbox 714 3133 844 3195; x_wconf 85' lang='lat' dir='ltr'>fluvium</span> <span class='ocrx_word' id='word_1_212' title='bbox 869 3133 1043 3214; x_wconf 83' lang='lat' dir='ltr'>Noszylna,</span> <span class='ocrx_word' id='word_1_213' title='bbox 1069 3156 1129 3215; x_wconf 89' lang='lat' dir='ltr'>pro</span> <span class='ocrx_word' id='word_1_214' title='bbox 1153 3137 1267 3196; x_wconf 88' lang='lat' dir='ltr'>eadem</span> <span class='ocrx_word' id='word_1_215' title='bbox 1292 3134 1333 3196; x_wconf 94' lang='lat' dir='ltr'>ad</span> <span class='ocrx_word' id='word_1_216' title='bbox 1357 3146 1506 3215; x_wconf 87' lang='lat' dir='ltr'>tempora</span> <span class='ocrx_word' id='word_1_217' title='bbox 1532 3138 1597 3198; x_wconf 91' lang='lat' dir='ltr'>vite</span> <span class='ocrx_word' id='word_1_218' title='bbox 1621 3157 1678 3199; x_wconf 90' lang='lat' dir='ltr'>sue</span> <span class='ocrx_word' id='word_1_219' title='bbox 1703 3139 1776 3200; x_wconf 92' lang='lat' dir='ltr'>reci·</span> 
     </span>
     <span class='ocr_line' id='line_1_24' title="bbox 226 3231 1778 3321; baseline 0.003 -19"><span class='ocrx_word' id='word_1_220' title='bbox 226 3261 302 3318; x_wconf 90' lang='lat' dir='ltr'>pere</span> <span class='ocrx_word' id='word_1_221' title='bbox 327 3240 477 3313; x_wconf 87' lang='lat' dir='ltr'>debebat,</span> <span class='ocrx_word' id='word_1_222' title='bbox 511 3253 606 3320; x_wconf 91' lang='lat' dir='ltr'>prout</span> <span class='ocrx_word' id='word_1_223' title='bbox 639 3254 672 3303; x_wconf 91' lang='lat' dir='ltr'>et</span> <span class='ocrx_word' id='word_1_224' title='bbox 696 3231 772 3321; x_wconf 85' lang='lat' dir='ltr'>post</span> <span class='ocrx_word' id='word_1_225' title='bbox 797 3251 999 3304; x_wconf 89' lang='lat' dir='ltr'>contractum</span> <span class='ocrx_word' id='word_1_226' title='bbox 1035 3242 1212 3321; x_wconf 88' lang='lat' dir='ltr'>recipiebat</span> <span class='ocrx_word' id='word_1_227' title='bbox 1243 3255 1276 3304; x_wconf 91' lang='lat' dir='ltr'>et</span> <span class='ocrx_word' id='word_1_228' title='bbox 1302 3241 1522 3314; x_wconf 87' lang='lat' dir='ltr'>falcastrabat,</span> <span class='ocrx_word' id='word_1_229' title='bbox 1553 3243 1778 3307; x_wconf 89' lang='lat' dir='ltr'>nichilominus</span> 
     </span>
     <span class='ocr_line' id='line_1_25' title="bbox 226 3346 1777 3430; baseline 0.003 -22"><span class='ocrx_word' id='word_1_230' title='bbox 226 3359 333 3408; x_wconf 86' lang='lat' dir='ltr'>tamen</span> <span class='ocrx_word' id='word_1_231' title='bbox 358 3350 432 3408; x_wconf 91' lang='lat' dir='ltr'>dum</span> <span class='ocrx_word' id='word_1_232' title='bbox 458 3349 528 3429; x_wconf 88' lang='lat' dir='ltr'>ipse</span> <span class='ocrx_word' id='word_1_233' title='bbox 553 3346 706 3410; x_wconf 89' lang='lat' dir='ltr'>Nicolaus</span> <span class='ocrx_word' id='word_1_234' title='bbox 729 3349 760 3409; x_wconf 93' lang='lat' dir='ltr'>in</span> <span class='ocrx_word' id='word_1_235' title='bbox 784 3361 895 3428; x_wconf 88' lang='lat' dir='ltr'>partes</span> <span class='ocrx_word' id='word_1_236' title='bbox 920 3348 1060 3411; x_wconf 85' lang='lat' dir='ltr'>Litlanie</span> <span class='ocrx_word' id='word_1_237' title='bbox 1084 3350 1124 3411; x_wconf 89' lang='lat' dir='ltr'>ad</span> <span class='ocrx_word' id='word_1_238' title='bbox 1149 3351 1284 3412; x_wconf 91' lang='lat' dir='ltr'>servicia</span> <span class='ocrx_word' id='word_1_239' title='bbox 1308 3359 1498 3424; x_wconf 85' lang='lat' dir='ltr'>recesserat,</span> <span class='ocrx_word' id='word_1_240' title='bbox 1521 3351 1592 3430; x_wconf 89' lang='lat' dir='ltr'>ipse</span> <span class='ocrx_word' id='word_1_241' title='bbox 1616 3351 1699 3412; x_wconf 93' lang='lat' dir='ltr'>dnus</span> <span class='ocrx_word' id='word_1_242' title='bbox 1722 3351 1777 3413; x_wconf 92' lang='lat' dir='ltr'>do-</span> 
     </span>
     <span class='ocr_line' id='line_1_26' title="bbox 224 3455 1777 3539; baseline 0.003 -24"><span class='ocrx_word' id='word_1_243' title='bbox 224 3468 296 3517; x_wconf 90' lang='lat' dir='ltr'>ctor</span> <span class='ocrx_word' id='word_1_244' title='bbox 320 3465 451 3534; x_wconf 92' lang='lat' dir='ltr'>pactum</span> <span class='ocrx_word' id='word_1_245' title='bbox 477 3475 633 3517; x_wconf 88' lang='lat' dir='ltr'>excausa</span> <span class='ocrx_word' id='word_1_246' title='bbox 657 3456 908 3534; x_wconf 77' lang='lat' dir='ltr'>permutacioniS</span> <span class='ocrx_word' id='word_1_247' title='bbox 932 3455 1052 3517; x_wconf 85' lang='lat' dir='ltr'>factum</span> <span class='ocrx_word' id='word_1_248' title='bbox 1077 3468 1109 3517; x_wconf 85' lang='lat' dir='ltr'>et</span> <span class='ocrx_word' id='word_1_249' title='bbox 1134 3457 1249 3518; x_wconf 90' lang='lat' dir='ltr'>litteris</span> <span class='ocrx_word' id='word_1_250' title='bbox 1272 3455 1439 3518; x_wconf 91' lang='lat' dir='ltr'>ducalibus</span> <span class='ocrx_word' id='word_1_251' title='bbox 1463 3457 1655 3536; x_wconf 90' lang='lat' dir='ltr'>aprobatum</span> <span class='ocrx_word' id='word_1_252' title='bbox 1681 3456 1777 3539; x_wconf 84' lang='lat' dir='ltr'>fregit</span> 
     </span>
     <span class='ocr_line' id='line_1_27' title="bbox 224 3562 1777 3644; baseline 0.003 -20"><span class='ocrx_word' id='word_1_253' title='bbox 224 3575 258 3624; x_wconf 86' lang='lat' dir='ltr'>et</span> <span class='ocrx_word' id='word_1_254' title='bbox 281 3563 413 3623; x_wconf 89' lang='lat' dir='ltr'>violavit</span> <span class='ocrx_word' id='word_1_255' title='bbox 445 3573 479 3624; x_wconf 88' lang='lat' dir='ltr'>et</span> <span class='ocrx_word' id='word_1_256' title='bbox 503 3565 535 3622; x_wconf 94' lang='lat' dir='ltr'>in</span> <span class='ocrx_word' id='word_1_257' title='bbox 560 3563 652 3624; x_wconf 85' lang='lat' dir='ltr'>dIctis</span> <span class='ocrx_word' id='word_1_258' title='bbox 676 3562 812 3624; x_wconf 90' lang='lat' dir='ltr'>decimis</span> <span class='ocrx_word' id='word_1_259' title='bbox 837 3565 940 3644; x_wconf 91' lang='lat' dir='ltr'>ipsum</span> <span class='ocrx_word' id='word_1_260' title='bbox 965 3562 1135 3624; x_wconf 84' lang='lat' dir='ltr'>Nicolaum</span> <span class='ocrx_word' id='word_1_261' title='bbox 1161 3563 1312 3644; x_wconf 90' lang='lat' dir='ltr'>spoliavit</span> <span class='ocrx_word' id='word_1_262' title='bbox 1336 3565 1426 3644; x_wconf 90' lang='lat' dir='ltr'>ipsos</span> <span class='ocrx_word' id='word_1_263' title='bbox 1458 3585 1516 3644; x_wconf 89' lang='lat' dir='ltr'>per</span> <span class='ocrx_word' id='word_1_264' title='bbox 1539 3563 1647 3627; x_wconf 92' lang='lat' dir='ltr'>XVIII</span> <span class='ocrx_word' id='word_1_265' title='bbox 1673 3585 1777 3628; x_wconf 89' lang='lat' dir='ltr'>annos</span> 
     </span>
     <span class='ocr_line' id='line_1_28' title="bbox 224 3668 1777 3752; baseline 0.003 -22"><span class='ocrx_word' id='word_1_266' title='bbox 224 3669 420 3747; x_wconf 88' lang='lat' dir='ltr'>recipiendo,</span> <span class='ocrx_word' id='word_1_267' title='bbox 444 3671 606 3731; x_wconf 88' lang='lat' dir='ltr'>extimans</span> <span class='ocrx_word' id='word_1_268' title='bbox 630 3669 774 3732; x_wconf 80' lang='lat' dir='ltr'>iniurIam</span> <span class='ocrx_word' id='word_1_269' title='bbox 799 3670 841 3732; x_wconf 87' lang='lat' dir='ltr'>ad</span> <span class='ocrx_word' id='word_1_270' title='bbox 866 3668 892 3732; x_wconf 90' lang='lat' dir='ltr'>C</span> <span class='ocrx_word' id='word_1_271' title='bbox 916 3669 991 3742; x_wconf 75' lang='lat' dir='ltr'>lior,</span> <span class='ocrx_word' id='word_1_272' title='bbox 1016 3680 1133 3751; x_wconf 90' lang='lat' dir='ltr'>petens</span> <span class='ocrx_word' id='word_1_273' title='bbox 1157 3673 1263 3748; x_wconf 94' lang='lat' dir='ltr'>ipsum</span> <span class='ocrx_word' id='word_1_274' title='bbox 1289 3672 1318 3731; x_wconf 91' lang='lat' dir='ltr'>in</span> <span class='ocrx_word' id='word_1_275' title='bbox 1341 3670 1464 3733; x_wconf 93' lang='lat' dir='ltr'>eisdem</span> <span class='ocrx_word' id='word_1_276' title='bbox 1488 3671 1721 3752; x_wconf 89' lang='lat' dir='ltr'>condempnari</span> <span class='ocrx_word' id='word_1_277' title='bbox 1738 3693 1777 3734; x_wconf 90' lang='lat' dir='ltr'>ac</span> 
     </span>
     <span class='ocr_line' id='line_1_29' title="bbox 159 3775 802 3858; baseline -0.002 -19"><span class='ocrx_word' id='word_1_278' title='bbox 159 3817 168 3838; x_wconf 83' lang='lat'><strong>.</strong></span> <span class='ocrx_word' id='word_1_279' title='bbox 223 3779 265 3838; x_wconf 93' lang='lat' dir='ltr'>ad</span> <span class='ocrx_word' id='word_1_280' title='bbox 290 3775 465 3839; x_wconf 91' lang='lat' dir='ltr'>tenendum</span> <span class='ocrx_word' id='word_1_281' title='bbox 490 3775 594 3838; x_wconf 83' lang='lat' dir='ltr'>lorum</span> <span class='ocrx_word' id='word_1_282' title='bbox 618 3776 802 3858; x_wconf 70' lang='lat' dir='ltr'>compelli„</span> 
     </span>
    </p>
   </div>
   <div class='ocr_carea' id='block_1_6' title="bbox 439 3967 1462 4053">
    <p class='ocr_par' dir='ltr' id='par_1_6' title="bbox 439 3967 1462 4053">
     <span class='ocr_line' id='line_1_30' title="bbox 439 3967 1462 4053; baseline 0.002 -23"><span class='ocrx_word' id='word_1_283' title='bbox 439 3969 480 4032; x_wconf 88' lang='grc' dir='ltr'>Α.</span> <span class='ocrx_word' id='word_1_284' title='bbox 511 3969 601 4048; x_wconf 87' lang='lat'>1466,</span> <span class='ocrx_word' id='word_1_285' title='bbox 626 3967 830 4049; x_wconf 88' lang='lat' dir='ltr'>Septembris</span> <span class='ocrx_word' id='word_1_286' title='bbox 861 3988 905 4042; x_wconf 90' lang='lat'>11,</span> <span class='ocrx_word' id='word_1_287' title='bbox 929 3973 961 4032; x_wconf 90' lang='lat' dir='ltr'>in</span> <span class='ocrx_word' id='word_1_288' title='bbox 987 3970 1087 4032; x_wconf 83' lang='lat' dir='ltr'>Plock</span> <span class='ocrx_word' id='word_1_289' title='bbox 1111 3973 1141 4032; x_wconf 89' lang='lat' dir='ltr'>in</span> <span class='ocrx_word' id='word_1_290' title='bbox 1167 3973 1253 4032; x_wconf 88' lang='lat' dir='ltr'>curia</span> <span class='ocrx_word' id='word_1_291' title='bbox 1277 3972 1462 4053; x_wconf 80' lang='lat' dir='ltr'>eplacopali</span> 
     </span>
    </p>
   </div>
   <div class='ocr_carea' id='block_1_7' title="bbox 223 4089 1777 5033">
    <p class='ocr_par' dir='ltr' id='par_1_7' title="bbox 223 4089 1777 5033">
     <span class='ocr_line' id='line_1_31' title="bbox 332 4089 1776 4178; baseline 0.002 -20"><span class='ocrx_word' id='word_1_292' title='bbox 332 4089 395 4158; x_wconf 84' lang='grc'>74.</span> <span class='ocrx_word' id='word_1_293' title='bbox 419 4095 516 4166; x_wconf 79' lang='lat' dir='ltr'>(Acta</span> <span class='ocrx_word' id='word_1_294' title='bbox 542 4096 638 4174; x_wconf 91' lang='lat' dir='ltr'>episc.</span> <span class='ocrx_word' id='word_1_295' title='bbox 664 4094 722 4168; x_wconf 88' lang='grc'>1)..</span> <span class='ocrx_word' id='word_1_296' title='bbox 747 4094 916 4157; x_wconf 89' lang='lat' dir='ltr'>Discretus</span> <span class='ocrx_word' id='word_1_297' title='bbox 941 4095 1109 4164; x_wconf 85' lang='lat' dir='ltr'>Iohannes,</span> <span class='ocrx_word' id='word_1_298' title='bbox 1133 4095 1278 4160; x_wconf 79' lang='lat' dir='ltr'>altariSta</span> <span class='ocrx_word' id='word_1_299' title='bbox 1302 4097 1333 4158; x_wconf 85' lang='lat' dir='ltr'>ln</span> <span class='ocrx_word' id='word_1_300' title='bbox 1350 4097 1483 4168; x_wconf 87' lang='lat' dir='ltr'>Iezewo,</span> <span class='ocrx_word' id='word_1_301' title='bbox 1508 4098 1594 4178; x_wconf 88' lang='lat' dir='ltr'>apud</span> <span class='ocrx_word' id='word_1_302' title='bbox 1612 4111 1686 4161; x_wconf 91' lang='lat' dir='ltr'>acta</span> <span class='ocrx_word' id='word_1_303' title='bbox 1703 4099 1776 4161; x_wconf 87' lang='lat' dir='ltr'>fecit</span> 
     </span>
     <span class='ocr_line' id='line_1_32' title="bbox 223 4199 1777 4284; baseline 0.004 -23"><span class='ocrx_word' id='word_1_304' title='bbox 223 4202 427 4270; x_wconf 89' lang='lat' dir='ltr'>relacionem,</span> <span class='ocrx_word' id='word_1_305' title='bbox 453 4201 541 4281; x_wconf 92' lang='lat' dir='ltr'>quod</span> <span class='ocrx_word' id='word_1_306' title='bbox 566 4221 608 4263; x_wconf 91' lang='lat' dir='ltr'>ex</span> <span class='ocrx_word' id='word_1_307' title='bbox 633 4202 820 4263; x_wconf 88' lang='lat' dir='ltr'>mandato..</span> <span class='ocrx_word' id='word_1_308' title='bbox 845 4202 899 4262; x_wconf 93' lang='lat' dir='ltr'>dni</span> <span class='ocrx_word' id='word_1_309' title='bbox 923 4199 1054 4265; x_wconf 90' lang='lat' dir='ltr'>Stiborii</span> <span class='ocrx_word' id='word_1_310' title='bbox 1082 4203 1118 4266; x_wconf 88' lang='lat' dir='ltr'>D.</span> <span class='ocrx_word' id='word_1_311' title='bbox 1135 4225 1164 4284; x_wconf 81' lang='lat' dir='ltr'>g.</span> <span class='ocrx_word' id='word_1_312' title='bbox 1190 4205 1336 4284; x_wconf 89' lang='lat' dir='ltr'>episcopi</span> <span class='ocrx_word' id='word_1_313' title='bbox 1360 4203 1526 4267; x_wconf 89' lang='lat' dir='ltr'>Plocensis</span> <span class='ocrx_word' id='word_1_314' title='bbox 1549 4203 1718 4267; x_wconf 87' lang='lat' dir='ltr'>Nicolaum</span> <span class='ocrx_word' id='word_1_315' title='bbox 1735 4206 1777 4268; x_wconf 91' lang='lat' dir='ltr'>de</span> 
     </span>
     <span class='ocr_line' id='line_1_33' title="bbox 224 4307 1777 4391; baseline 0.003 -21"><span class='ocrx_word' id='word_1_316' title='bbox 224 4307 401 4389; x_wconf 90' lang='lat' dir='ltr'>Gambyno</span> <span class='ocrx_word' id='word_1_317' title='bbox 425 4309 640 4388; x_wconf 90' lang='lat' dir='ltr'>personaliter</span> <span class='ocrx_word' id='word_1_318' title='bbox 664 4309 902 4389; x_wconf 89' lang='lat' dir='ltr'>apprehensum</span> <span class='ocrx_word' id='word_1_319' title='bbox 936 4319 970 4370; x_wconf 92' lang='lat' dir='ltr'>et</span> <span class='ocrx_word' id='word_1_320' title='bbox 993 4312 1099 4389; x_wconf 93' lang='lat' dir='ltr'>primo</span> <span class='ocrx_word' id='word_1_321' title='bbox 1123 4309 1318 4386; x_wconf 70' lang='lat' dir='ltr'>confessum,</span> <span class='ocrx_word' id='word_1_322' title='bbox 1351 4311 1438 4391; x_wconf 92' lang='lat' dir='ltr'>quod</span> <span class='ocrx_word' id='word_1_323' title='bbox 1463 4314 1533 4389; x_wconf 90' lang='lat' dir='ltr'>ipse</span> <span class='ocrx_word' id='word_1_324' title='bbox 1558 4312 1599 4372; x_wconf 93' lang='lat' dir='ltr'>sit</span> <span class='ocrx_word' id='word_1_325' title='bbox 1623 4312 1777 4375; x_wconf 89' lang='lat' dir='ltr'>Nicolaus</span> 
     </span>
     <span class='ocr_line' id='line_1_34' title="bbox 223 4413 1777 4500; baseline 0.003 -24"><span class='ocrx_word' id='word_1_326' title='bbox 223 4416 263 4476; x_wconf 90' lang='lat' dir='ltr'>de</span> <span class='ocrx_word' id='word_1_327' title='bbox 282 4413 466 4494; x_wconf 88' lang='lat' dir='ltr'>Gambyno,</span> <span class='ocrx_word' id='word_1_328' title='bbox 490 4415 600 4492; x_wconf 86' lang='lat' dir='ltr'>citavit</span> <span class='ocrx_word' id='word_1_329' title='bbox 624 4417 718 4493; x_wconf 90' lang='lat' dir='ltr'>eique</span> <span class='ocrx_word' id='word_1_330' title='bbox 743 4417 913 4476; x_wconf 84' lang='lat' dir='ltr'>termInum</span> <span class='ocrx_word' id='word_1_331' title='bbox 932 4415 1028 4477; x_wconf 89' lang='lat' dir='ltr'>hodie</span> <span class='ocrx_word' id='word_1_332' title='bbox 1052 4419 1125 4496; x_wconf 92' lang='lat' dir='ltr'>ipso</span> <span class='ocrx_word' id='word_1_333' title='bbox 1142 4437 1250 4477; x_wconf 88' lang='lat' dir='ltr'>coram</span> <span class='ocrx_word' id='word_1_334' title='bbox 1278 4417 1363 4479; x_wconf 86' lang='lat' dir='ltr'>Rmo</span> <span class='ocrx_word' id='word_1_335' title='bbox 1387 4428 1513 4498; x_wconf 86' lang='lat' dir='ltr'>patre..</span> <span class='ocrx_word' id='word_1_336' title='bbox 1536 4419 1569 4479; x_wconf 93' lang='lat' dir='ltr'>in</span> <span class='ocrx_word' id='word_1_337' title='bbox 1586 4419 1670 4479; x_wconf 88' lang='lat' dir='ltr'>curia</span> <span class='ocrx_word' id='word_1_338' title='bbox 1695 4422 1777 4500; x_wconf 76' lang='lat' dir='ltr'>epis</span> 
     </span>
     <span class='ocr_line' id='line_1_35' title="bbox 223 4522 1775 4602; baseline 0.004 -20"><span class='ocrx_word' id='word_1_339' title='bbox 223 4522 330 4601; x_wconf 87' lang='lat' dir='ltr'>copali</span> <span class='ocrx_word' id='word_1_340' title='bbox 353 4523 546 4602; x_wconf 83' lang='lat' dir='ltr'>assignavit;</span> <span class='ocrx_word' id='word_1_341' title='bbox 571 4523 623 4602; x_wconf 91' lang='lat' dir='ltr'>qui</span> <span class='ocrx_word' id='word_1_342' title='bbox 649 4530 824 4601; x_wconf 89' lang='lat' dir='ltr'>postquam</span> <span class='ocrx_word' id='word_1_343' title='bbox 849 4523 968 4584; x_wconf 87' lang='lat' dir='ltr'>citatus</span> <span class='ocrx_word' id='word_1_344' title='bbox 992 4535 1050 4592; x_wconf 90' lang='lat' dir='ltr'>est,</span> <span class='ocrx_word' id='word_1_345' title='bbox 1074 4523 1250 4602; x_wconf 86' lang='lat' dir='ltr'>abnegavit</span> <span class='ocrx_word' id='word_1_346' title='bbox 1275 4543 1310 4585; x_wconf 91' lang='lat' dir='ltr'>se</span> <span class='ocrx_word' id='word_1_347' title='bbox 1328 4523 1396 4586; x_wconf 86' lang='lat' dir='ltr'>lore</span> <span class='ocrx_word' id='word_1_348' title='bbox 1421 4524 1590 4586; x_wconf 90' lang='lat' dir='ltr'>Nicolaum</span> <span class='ocrx_word' id='word_1_349' title='bbox 1617 4527 1657 4587; x_wconf 92' lang='lat' dir='ltr'>de</span> <span class='ocrx_word' id='word_1_350' title='bbox 1679 4525 1775 4588; x_wconf 89' lang='lat' dir='ltr'>Gam-</span> 
     </span>
     <span class='ocr_line' id='line_1_36' title="bbox 224 4627 1774 4713; baseline 0.005 -24"><span class='ocrx_word' id='word_1_351' title='bbox 224 4629 322 4710; x_wconf 89' lang='lat' dir='ltr'>byno.</span> <span class='ocrx_word' id='word_1_352' title='bbox 347 4627 437 4690; x_wconf 91' lang='lat' dir='ltr'>Hora</span> <span class='ocrx_word' id='word_1_353' title='bbox 462 4630 559 4708; x_wconf 83' lang='lat' dir='ltr'>igitur</span> <span class='ocrx_word' id='word_1_354' title='bbox 581 4647 792 4708; x_wconf 90' lang='lat' dir='ltr'>vesperorum</span> <span class='ocrx_word' id='word_1_355' title='bbox 818 4629 1020 4702; x_wconf 88' lang='lat' dir='ltr'>adveniente,</span> <span class='ocrx_word' id='word_1_356' title='bbox 1045 4631 1284 4710; x_wconf 89' lang='lat' dir='ltr'>circumspecto</span> <span class='ocrx_word' id='word_1_357' title='bbox 1308 4629 1450 4692; x_wconf 90' lang='lat' dir='ltr'>Iohanne</span> <span class='ocrx_word' id='word_1_358' title='bbox 1475 4635 1632 4713; x_wconf 85' lang='lat' dir='ltr'>magistro</span> <span class='ocrx_word' id='word_1_359' title='bbox 1657 4634 1774 4696; x_wconf 91' lang='lat' dir='ltr'>civium</span> 
     </span>
     <span class='ocr_line' id='line_1_37' title="bbox 224 4735 1774 4819; baseline 0.003 -23"><span class='ocrx_word' id='word_1_360' title='bbox 224 4735 427 4797; x_wconf 88' lang='lat' dir='ltr'>Plocensium</span> <span class='ocrx_word' id='word_1_361' title='bbox 453 4743 627 4796; x_wconf 87' lang='lat' dir='ltr'>accusante</span> <span class='ocrx_word' id='word_1_362' title='bbox 652 4739 888 4797; x_wconf 84' lang='lat' dir='ltr'>contumaclam</span> <span class='ocrx_word' id='word_1_363' title='bbox 914 4736 1029 4816; x_wconf 87' lang='lat' dir='ltr'>prefati</span> <span class='ocrx_word' id='word_1_364' title='bbox 1053 4737 1178 4799; x_wconf 92' lang='lat' dir='ltr'>Nicolai</span> <span class='ocrx_word' id='word_1_365' title='bbox 1204 4758 1267 4799; x_wconf 91' lang='lat' dir='ltr'>non</span> <span class='ocrx_word' id='word_1_366' title='bbox 1289 4741 1519 4819; x_wconf 89' lang='lat' dir='ltr'>comparentis,</span> <span class='ocrx_word' id='word_1_367' title='bbox 1542 4738 1625 4800; x_wconf 89' lang='lat' dir='ltr'>dnus</span> <span class='ocrx_word' id='word_1_368' title='bbox 1642 4739 1774 4818; x_wconf 80' lang='lat' dir='ltr'>Episco-</span> 
     </span>
     <span class='ocr_line' id='line_1_38' title="bbox 223 4841 1775 4925; baseline 0.005 -23"><span class='ocrx_word' id='word_1_369' title='bbox 223 4863 284 4922; x_wconf 90' lang='lat' dir='ltr'>pus</span> <span class='ocrx_word' id='word_1_370' title='bbox 316 4862 375 4923; x_wconf 92' lang='lat' dir='ltr'>per</span> <span class='ocrx_word' id='word_1_371' title='bbox 398 4841 536 4903; x_wconf 91' lang='lat' dir='ltr'>eundem</span> <span class='ocrx_word' id='word_1_372' title='bbox 570 4841 785 4921; x_wconf 91' lang='lat' dir='ltr'>presbiterum</span> <span class='ocrx_word' id='word_1_373' title='bbox 818 4842 973 4905; x_wconf 89' lang='lat' dir='ltr'>mandata</span> <span class='ocrx_word' id='word_1_374' title='bbox 998 4842 1066 4904; x_wconf 87' lang='lat' dir='ltr'>fieri</span> <span class='ocrx_word' id='word_1_375' title='bbox 1090 4844 1141 4905; x_wconf 92' lang='lat' dir='ltr'>hic</span> <span class='ocrx_word' id='word_1_376' title='bbox 1173 4846 1258 4906; x_wconf 87' lang='lat' dir='ltr'>inter</span> <span class='ocrx_word' id='word_1_377' title='bbox 1281 4853 1426 4907; x_wconf 89' lang='lat' dir='ltr'>astantes</span> <span class='ocrx_word' id='word_1_378' title='bbox 1458 4845 1717 4925; x_wconf 88' lang='lat' dir='ltr'>proclamacione</span> <span class='ocrx_word' id='word_1_379' title='bbox 1742 4857 1775 4910; x_wconf 92' lang='lat' dir='ltr'>et</span> 
     </span>
     <span class='ocr_line' id='line_1_39' title="bbox 223 4947 1775 5033; baseline 0.004 -25"><span class='ocrx_word' id='word_1_380' title='bbox 223 4947 308 5009; x_wconf 82' lang='lat' dir='ltr'>iacta</span> <span class='ocrx_word' id='word_1_381' title='bbox 332 4961 431 5028; x_wconf 91' lang='lat' dir='ltr'>atque</span> <span class='ocrx_word' id='word_1_382' title='bbox 455 4961 602 5019; x_wconf 86' lang='lat' dir='ltr'>executa,</span> <span class='ocrx_word' id='word_1_383' title='bbox 634 4951 735 5010; x_wconf 88' lang='lat' dir='ltr'>citato</span> <span class='ocrx_word' id='word_1_384' title='bbox 759 4970 822 5010; x_wconf 93' lang='lat' dir='ltr'>non</span> <span class='ocrx_word' id='word_1_385' title='bbox 848 4960 1092 5030; x_wconf 86' lang='lat' dir='ltr'>comparente..</span> <span class='ocrx_word' id='word_1_386' title='bbox 1118 4953 1159 5012; x_wconf 93' lang='lat' dir='ltr'>ad</span> <span class='ocrx_word' id='word_1_387' title='bbox 1184 4953 1374 5013; x_wconf 91' lang='lat' dir='ltr'>instanciam</span> <span class='ocrx_word' id='word_1_388' title='bbox 1408 4955 1508 5031; x_wconf 89' lang='lat' dir='ltr'>partis</span> <span class='ocrx_word' id='word_1_389' title='bbox 1537 4952 1698 5033; x_wconf 87' lang='lat' dir='ltr'>prefatum</span> <span class='ocrx_word' id='word_1_390' title='bbox 1724 4954 1775 5014; x_wconf 89' lang='lat' dir='ltr'>Ni·</span> 
     </span>
    </p>
   </div>
   <div class='ocr_carea' id='block_1_8' title="bbox 223 5055 1413 5211">
    <p class='ocr_par' dir='ltr' id='par_1_8' title="bbox 223 5055 1413 5211">
     <span class='ocr_line' id='line_1_40' title="bbox 223 5055 887 5128; baseline 0.006 -14"><span class='ocrx_word' id='word_1_391' title='bbox 223 5055 349 5116; x_wconf 86' lang='lat' dir='ltr'>colaum</span> <span class='ocrx_word' id='word_1_392' title='bbox 376 5057 602 5128; x_wconf 85' lang='lat' dir='ltr'>pronunciavit</span> <span class='ocrx_word' id='word_1_393' title='bbox 626 5067 887 5118; x_wconf 89' lang='lat' dir='ltr'>contumacem..</span> 
     </span>
     <span class='ocr_line' id='line_1_41' title="bbox 1396 5172 1413 5211; baseline 0 0"><span class='ocrx_word' id='word_1_394' title='bbox 1396 5172 1413 5211; x_wconf 74' lang='lat' dir='ltr'><strong><em>s</em></strong></span> 
     </span>
    </p>
   </div>
   <div class='ocr_carea' id='block_1_9' title="bbox 437 5246 1386 5327">
    <p class='ocr_par' dir='ltr' id='par_1_9' title="bbox 437 5246 1386 5327">
     <span class='ocr_line' id='line_1_42' title="bbox 437 5246 1386 5327; baseline 0.003 -17"><span class='ocrx_word' id='word_1_395' title='bbox 437 5248 478 5310; x_wconf 90' lang='lat' dir='ltr'>A.</span> <span class='ocrx_word' id='word_1_396' title='bbox 509 5247 599 5326; x_wconf 90' lang='lat'>1466,</span> <span class='ocrx_word' id='word_1_397' title='bbox 625 5246 778 5312; x_wconf 87' lang='lat' dir='ltr'>Octobris</span> <span class='ocrx_word' id='word_1_398' title='bbox 804 5265 856 5327; x_wconf 90' lang='lat'>29,</span> <span class='ocrx_word' id='word_1_399' title='bbox 880 5249 911 5310; x_wconf 88' lang='lat' dir='ltr'>in</span> <span class='ocrx_word' id='word_1_400' title='bbox 936 5250 1131 5312; x_wconf 90' lang='lat' dir='ltr'>consistorio</span> <span class='ocrx_word' id='word_1_401' title='bbox 1156 5250 1386 5314; x_wconf 83' lang='lat' dir='ltr'>PolthovIeosi.</span> 
     </span>
    </p>
   </div>
   <div class='ocr_carea' id='block_1_10' title="bbox 218 5367 1775 5776">
    <p class='ocr_par' dir='ltr' id='par_1_10' title="bbox 218 5367 1775 5776">
     <span class='ocr_line' id='line_1_43' title="bbox 331 5367 1775 5457; baseline 0.005 -23"><span class='ocrx_word' id='word_1_402' title='bbox 331 5367 393 5436; x_wconf 81' lang='grc'>75.</span> <span class='ocrx_word' id='word_1_403' title='bbox 418 5371 516 5452; x_wconf 82' lang='lat' dir='ltr'>(Acta</span> <span class='ocrx_word' id='word_1_404' title='bbox 539 5371 622 5434; x_wconf 84' lang='lat' dir='ltr'>offic.</span> <span class='ocrx_word' id='word_1_405' title='bbox 648 5373 721 5446; x_wconf 82' lang='grc'>11)..</span> <span class='ocrx_word' id='word_1_406' title='bbox 747 5373 915 5436; x_wconf 89' lang='lat' dir='ltr'>Discretus</span> <span class='ocrx_word' id='word_1_407' title='bbox 940 5373 1197 5446; x_wconf 91' lang='lat' dir='ltr'>Bartholomeus,</span> <span class='ocrx_word' id='word_1_408' title='bbox 1221 5378 1358 5438; x_wconf 88' lang='lat' dir='ltr'>vicarius</span> <span class='ocrx_word' id='word_1_409' title='bbox 1382 5377 1422 5438; x_wconf 91' lang='lat' dir='ltr'>de</span> <span class='ocrx_word' id='word_1_410' title='bbox 1447 5377 1600 5457; x_wconf 83' lang='lat' dir='ltr'>Wangra,</span> <span class='ocrx_word' id='word_1_411' title='bbox 1625 5377 1775 5441; x_wconf 88' lang='lat' dir='ltr'>faciendo</span> 
     </span>
     <span class='ocr_line' id='line_1_44' title="bbox 220 5479 1772 5564; baseline 0.003 -24"><span class='ocrx_word' id='word_1_412' title='bbox 220 5481 302 5540; x_wconf 90' lang='lat' dir='ltr'>satis</span> <span class='ocrx_word' id='word_1_413' title='bbox 325 5481 464 5540; x_wconf 82' lang='lat' dir='ltr'>termIno</span> <span class='ocrx_word' id='word_1_414' title='bbox 488 5479 548 5540; x_wconf 91' lang='lat' dir='ltr'>sibi</span> <span class='ocrx_word' id='word_1_415' title='bbox 567 5501 656 5558; x_wconf 91' lang='lat' dir='ltr'>per..</span> <span class='ocrx_word' id='word_1_416' title='bbox 681 5479 779 5541; x_wconf 92' lang='lat' dir='ltr'>dnum</span> <span class='ocrx_word' id='word_1_417' title='bbox 797 5479 981 5548; x_wconf 84' lang='lat' dir='ltr'>Stiborium</span> <span class='ocrx_word' id='word_1_418' title='bbox 1007 5483 1196 5562; x_wconf 86' lang='lat' dir='ltr'>episcopum</span> <span class='ocrx_word' id='word_1_419' title='bbox 1218 5481 1415 5554; x_wconf 88' lang='lat' dir='ltr'>Plocensem,</span> <span class='ocrx_word' id='word_1_420' title='bbox 1440 5486 1606 5564; x_wconf 83' lang='lat' dir='ltr'>assignato</span> <span class='ocrx_word' id='word_1_421' title='bbox 1631 5485 1671 5545; x_wconf 90' lang='lat' dir='ltr'>ad</span> <span class='ocrx_word' id='word_1_422' title='bbox 1688 5485 1772 5546; x_wconf 91' lang='lat' dir='ltr'>diem</span> 
     </span>
     <span class='ocr_line' id='line_1_45' title="bbox 218 5583 1775 5670; baseline 0.004 -24"><span class='ocrx_word' id='word_1_423' title='bbox 218 5583 419 5656; x_wconf 90' lang='lat' dir='ltr'>hodiernam,</span> <span class='ocrx_word' id='word_1_424' title='bbox 446 5587 615 5665; x_wconf 85' lang='lat' dir='ltr'>purgando</span> <span class='ocrx_word' id='word_1_425' title='bbox 632 5587 721 5648; x_wconf 90' lang='lat' dir='ltr'>sede</span> <span class='ocrx_word' id='word_1_426' title='bbox 738 5589 870 5649; x_wconf 91' lang='lat' dir='ltr'>crimine</span> <span class='ocrx_word' id='word_1_427' title='bbox 894 5589 954 5648; x_wconf 88' lang='lat' dir='ltr'>sibi</span> <span class='ocrx_word' id='word_1_428' title='bbox 977 5587 1063 5649; x_wconf 83' lang='lat' dir='ltr'>fama</span> <span class='ocrx_word' id='word_1_429' title='bbox 1089 5588 1255 5650; x_wconf 87' lang='lat' dir='ltr'>deserente</span> <span class='ocrx_word' id='word_1_430' title='bbox 1280 5587 1430 5651; x_wconf 91' lang='lat' dir='ltr'>videlicet</span> <span class='ocrx_word' id='word_1_431' title='bbox 1454 5590 1625 5670; x_wconf 87' lang='lat' dir='ltr'>homicidii,</span> <span class='ocrx_word' id='word_1_432' title='bbox 1648 5591 1775 5653; x_wconf 87' lang='lat' dir='ltr'>induxit</span> 
     </span>
     <span class='ocr_line' id='line_1_46' title="bbox 219 5694 1773 5776; baseline 0.005 -23"><span class='ocrx_word' id='word_1_433' title='bbox 219 5711 282 5754; x_wconf 89' lang='lat' dir='ltr'>sex</span> <span class='ocrx_word' id='word_1_434' title='bbox 298 5703 569 5774; x_wconf 86' lang='lat' dir='ltr'>compurgatores</span> <span class='ocrx_word' id='word_1_435' title='bbox 593 5695 739 5757; x_wconf 90' lang='lat' dir='ltr'>eiusdem</span> <span class='ocrx_word' id='word_1_436' title='bbox 763 5694 883 5756; x_wconf 81' lang='lat' dir='ltr'>ordInis</span> <span class='ocrx_word' id='word_1_437' title='bbox 901 5695 1107 5773; x_wconf 90' lang='lat' dir='ltr'>presbiteros,</span> <span class='ocrx_word' id='word_1_438' title='bbox 1133 5707 1249 5776; x_wconf 88' lang='lat' dir='ltr'>petens</span> <span class='ocrx_word' id='word_1_439' title='bbox 1274 5697 1332 5758; x_wconf 91' lang='lat' dir='ltr'>sibi</span> <span class='ocrx_word' id='word_1_440' title='bbox 1350 5696 1526 5758; x_wconf 92' lang='lat' dir='ltr'>secundum</span> <span class='ocrx_word' id='word_1_441' title='bbox 1544 5700 1619 5758; x_wconf 89' lang='lat' dir='ltr'>iuris</span> <span class='ocrx_word' id='word_1_442' title='bbox 1636 5695 1773 5760; x_wconf 86' lang='lat' dir='ltr'>formam</span> 
     </span>
    </p>
   </div>
   <div class='ocr_carea' id='block_1_11' title="bbox 0 0 2200 6672">
    <p class='ocr_par' dir='ltr' id='par_1_11' title="bbox 0 0 2200 6672">
     <span class='ocr_line' id='line_1_47' title="bbox 0 0 2200 6672; baseline 0 2"><span class='ocrx_word' id='word_1_443' title='bbox 0 0 2200 6672; x_wconf 95' lang='lat' dir='ltr'> </span> 
     </span>
    </p>
   </div>
  </div>
 </body>
</html>
