4392 6672
805 699 989 750 ruuorrun
1010 695 1194 752 tras-1496.
1738 693 1779 779 65

227 793 326 802 ...ω-,-
354 792 600 800 ——-—---——-———
611 791 637 798 .—
660 793 668 796 -
692 793 712 797 .-
722 792 746 797 .-.
753 791 938 798 ...-.--..--...-
949 791 1037 797 --—-.—
1044 792 1061 796 -.
1164 791 1257 798 —a--=-
1264 793 1276 798 -.
1284 793 1323 799 υ..-
1331 795 1520 806 Ἢ-,
1572 801 1602 808 --
1734 807 1756 812 -

223 916 379 997 placitum
411 915 503 993 ponit
535 925 567 975 et
592 915 714 984 statuit,
747 924 864 994 petens
896 915 987 974 iuxta
1018 914 1285 976 consuetudinem
1319 917 1350 977 in
1375 920 1541 998 premissis
1573 923 1780 988 observatam

223 1021 416 1084 conservari.
442 1020 495 1082 Ex
519 1022 658 1082 adverso
683 1021 870 1100 prepositus
895 1021 1074 1098 respondit,
1100 1017 1213 1106 [quod]
1238 1022 1312 1084 licet
1336 1027 1404 1084 sine
1429 1046 1592 1090 consensu
1617 1030 1779 1094 dictorum

225 1127 394 1191 consulum
426 1141 459 1189 et
483 1129 669 1190 vitricorum
694 1127 874 1188 ministrum
907 1137 941 1187 et
965 1139 1229 1207 campatratorem
1257 1132 1356 1208 ponit,
1389 1134 1482 1212 ponit
1506 1136 1592 1197 viros
1617 1137 1723 1202 bonos
1748 1152 1781 1202 et

224 1237 371 1296 idoneos.
411 1234 454 1298 Et
478 1234 582 1296 Rntus
614 1235 763 1296 dominus
794 1235 902 1295 audita
936 1255 994 1313 per·
1018 1245 1123 1295 certas
1155 1255 1313 1314 personas
1352 1238 1524 1302 sufficienti
1548 1242 1781 1308 informacione

226 1343 370 1404 decrevit
393 1343 562 1422 antiquam
587 1340 855 1402 consuetudinem
880 1343 910 1399 in
929 1343 1095 1421 premissis
1120 1343 1240 1402 servari
1265 1343 1393 1406 solitam
1419 1349 1522 1408 teneri
1546 1359 1579 1410 et
1603 1351 1778 1414 observari.

226 1449 306 1510 Item
332 1470 374 1511 ex
397 1449 459 1510 alio
485 1459 598 1510 contra
622 1448 762 1508 eundem
788 1449 990 1528 prepositum
1017 1460 1264 1526 proposuerunt,
1290 1452 1363 1530 quia
1388 1453 1459 1532 ipse
1483 1460 1671 1536 prepositus
1696 1480 1782 1522 com·

227 1555 315 1636 pellit
340 1553 474 1616 eosdem
506 1555 548 1616 ad
572 1553 770 1616 solucionem
804 1553 979 1634 sepulture.
1018 1553 1071 1614 Ex
1095 1555 1234 1616 adverso
1260 1560 1444 1637 prepositus
1468 1565 1647 1643 respondit,
1671 1565 1781 1628 dicens

226 1683 260 1723 se
293 1664 334 1724 ab
366 1663 488 1724 eisdem
521 1663 647 1734 vitriciS,
681 1673 838 1742 quantum
871 1660 912 1722 ad
946 1681 1103 1740 personas
1138 1660 1262 1722 illorum
1298 1683 1362 1725 non
1398 1669 1568 1748 recepisse,
1603 1689 1668 1751 quo
1703 1693 1781 1735 vero

226 1771 266 1832 ad
291 1790 410 1831 uxores
435 1779 467 1832 et
494 1789 612 1849 pueros
636 1769 772 1836 illorum,
796 1780 831 1830 ut
855 1770 930 1830 iuris
954 1780 1012 1840 est,
1038 1769 1164 1830 solvere
1188 1773 1389 1834 astrinxisse.
1426 1773 1529 1835 Rmus
1554 1777 1704 1840 dominus
1729 1779 1782 1840 de·

225 1879 335 1944 crevit.
362 1878 449 1956 quod
467 1877 568 1937 vitrici
594 1878 774 1937 existentes
797 1876 828 1936 in
846 1874 952 1936 officio
968 1875 1110 1937 habeant
1136 1875 1268 1937 liberam
1293 1879 1501 1958 sepulturam,
1526 1894 1682 1962 quantum
1701 1905 1780 1946 vero

225 1985 266 2046 ad
291 2004 412 2045 uxores
444 1993 476 2044 et
500 2001 620 2062 pueros
644 1983 769 2042 illorum
805 1993 939 2062 propter
963 1983 1129 2044 meliorem
1154 2003 1211 2044 sue
1236 1983 1273 2044 R.
1299 1983 1366 2046 Ptis
1391 1989 1487 2046 animi
1512 1987 1778 2052 informacionem

225 2090 345 2151 dietam
371 2089 572 2151 solucionem
597 2088 763 2168 sepulture
789 2088 926 2150 fiendam
952 2089 1156 2168 suspendit..

440 2281 481 2344 A.
511 2297 601 2362 1495,
627 2282 693 2344 Iulii
725 2296 770 2362 ις,
795 2284 826 2343 ἰη
851 2281 1028 2344 Visslrowo
1053 2283 1084 2346 in
1108 2285 1195 2344 curia
1220 2285 1408 2366 episcopali.

337 2403 423 2471 170.
454 2405 552 2486 (Acta
577 2407 674 2485 episc.
699 2405 787 2488 vlt..
821 2405 939 2468 Coram
965 2407 1051 2468 Rmo
1083 2408 1148 2467 dno
1174 2407 1271 2470 Petro
1303 2413 1461 2490 episcopo
1493 2411 1642 2474 Plocensi
1667 2415 1780 2478 hortor.

226 2515 363 2576 lacobus
395 2515 436 2576 de
461 2512 614 2593 Cossyrro
647 2515 805 2592 plebanus
837 2516 868 2574 in
894 2511 1110 2592 Orssymowo
1143 2527 1176 2576 et
1200 2514 1361 2578 lohannes
1394 2514 1435 2579 de
1460 2517 1620 2610 Ponyathi
1646 2523 1782 2583 vicarius

226 2635 403 2704 perpetuus
440 2621 603 2682 Plocensis
635 2621 756 2682 ibidem
789 2622 831 2683 ad
855 2641 1001 2683 mensam
1034 2623 1195 2696 sedentes,
1228 2626 1395 2703 premissis
1419 2625 1502 2686 inter
1525 2646 1560 2687 se
1575 2645 1682 2708 super
1710 2648 1780 2690 con-

226 2731 403 2790 structione
426 2729 564 2790 ecclesie
588 2726 713 2808 prefate
737 2731 768 2788 in
786 2725 1001 2810 Orssymowo
1018 2729 1209 2808 quibusdam
1235 2729 1503 2801 altricacionibus
1520 2732 1626 2794 dictus
1644 2733 1781 2796 lacobus

227 2834 407 2914 Cossynslri
440 2835 599 2896 summisit
631 2855 666 2897 se
690 2826 751 2896 sub
775 2855 858 2915 pena
884 2835 915 2896 X
939 2835 1010 2896 flor.
1033 2835 1176 2914 Hungar.
1209 2839 1396 2916 peripsum
1430 2857 1594 2918 expressa,
1628 2853 1782 2922 suscepta

227 2956 259 3004 et
284 2941 479 3022 emologata‚
514 2939 738 3004 edificaturum
770 2942 877 3004 denuo
902 2941 1072 3004 ecclesiam
1106 2943 1244 3024 ligneam
1280 2945 1310 3004 in
1343 2945 1429 3005 dicta
1461 2941 1677 3026 Orssymowo
1709 2969 1780 3008 curn

226 3048 380 3110 omnibus
403 3049 592 3116 attinenciis.
618 3049 766 3110 videlieet
791 3047 903 3116 XVllI
927 3050 1118 3130 angulorum
1146 3051 1328 3118 latitudinis,
1362 3051 1573 3131 longitudinis
1597 3065 1630 3115 et
1655 3047 1781 3116 summi-

226 3156 303 3218 tatis
328 3157 458 3216 maioris
475 3156 606 3234 antique
624 3153 769 3227 ecclesie,
793 3154 907 3217 altaria
924 3158 1136 3236 ipsorumque
1156 3159 1408 3236 cooperimenta,
1426 3163 1659 3240 sacristegium,
1684 3181 1782 3223 mem·

227 3263 345 3324 branas
369 3283 484 3324 omnes
516 3273 549 3324 et
573 3272 742 3330 tecturam,
778 3261 928 3338 scabella,
960 3262 1080 3324 formas
1112 3263 1238 3344 aliaque
1269 3265 1378 3324 omnia
1410 3267 1450 3326 ad
1483 3266 1586 3344 ipsam
1612 3267 1779 3329 ecclesiam

227 3370 459 3431 concernencia
484 3367 642 3448 perficere
666 3368 841 3450 debiteque
865 3371 1040 3450 disponere
1064 3382 1097 3433 et
1113 3372 1287 3432 terminare
1311 3391 1348 3432 ac
1367 3369 1527 3452 prefatum
1546 3371 1664 3434 Rrrrum
1683 3375 1779 3435 dnum

228 3475 358 3537 Petrum
383 3477 572 3555 episcopum
599 3477 638 3536 ad
657 3478 914 3538 consecrandum
939 3479 1122 3539 conducere
1147 3489 1179 3540 et
1196 3497 1386 3539 consecrare
1411 3475 1491 3539 infra
1508 3479 1581 3540 hinc
1605 3482 1646 3542 ad
1664 3480 1780 3542 festum

229 3582 416 3644 Natiuitatis
440 3583 559 3645 Christi
584 3603 677 3664 prox.
702 3584 762 3644 sub
780 3603 862 3664 pena
880 3589 1107 3664 suprascripta,
1133 3603 1230 3663 quam
1256 3585 1370 3645 seiam
1388 3605 1516 3648 exnunc
1533 3587 1658 3666 obligat
1674 3589 1780 3650 eidem

136 3703 142 3714 ·
228 3689 359 3750 Iohanni
387 3689 626 3752 Poniathowslri
652 3690 780 3751 solvere
803 3690 863 3752 sub
887 3693 1031 3753 censuris
1056 3691 1291 3764 ecclesiasticis,
1322 3691 1349 3752 si
1379 3703 1411 3752 et
1435 3693 1465 3751 in
1492 3702 1647 3772 quantum
1672 3697 1781 3755 omnia

227 3797 414 3876 supradicta
438 3808 471 3858 et
495 3797 664 3876 quodlibet
688 3800 920 3878 premissorum
945 3817 1092 3859 seorsum
1119 3817 1184 3858 non
1202 3797 1422 3878 compleverit.
1447 3795 1478 3859 Si
1498 3819 1575 3860 vero
1600 3802 1670 3876 ipse
1697 3801 1779 3862 laco-

227 3903 286 3966 bus
311 3902 520 3985 Kossynsky,
552 3917 649 3984 prout
674 3925 709 3967 se
734 3905 899 3984 obligavit.
925 3906 1032 3966 omnia
1057 3903 1256 3966 edificaverit
1280 3915 1312 3965 et
1338 3903 1448 3966 debite
1472 3909 1702 3976 terminaverit,
1727 3927 1779 3968 ex·

226 4019 302 4071 tunc
327 4012 398 4090 ipse
416 4010 576 4091 lohannes
603 4011 855 4092 Ponyathowski
881 4031 998 4090 perram
1016 4011 1269 4092 suprascriptam
1288 4012 1391 4071 eidem
1410 4010 1531 4072 lacobo
1548 4032 1583 4072 se
1600 4013 1779 4074 soluturum

228 4119 388 4180 summisit
412 4130 446 4180 et
470 4119 626 4199 obligavit
650 4118 711 4181 sub
736 4117 858 4180 eisdem
882 4121 1058 4180 censuris..
1116 4169 1118 4174 .

441 4309 482 4372 A.
512 4309 603 4388 1496,
628 4310 695 4372 Iulii
720 4315 749 4388 8,
775 4313 804 4372 in
830 4311 997 4374 Poltowsk
1023 4313 1052 4372 in
1077 4313 1163 4373 curia
1187 4313 1376 4392 episcopali.

337 4432 425 4508 171.
450 4435 548 4516 (Acta
572 4438 669 4516 episc.
686 4436 778 4515 Vll..
802 4437 926 4498 Honor.
945 4437 1106 4498 Iohannes
1131 4436 1171 4497 de
1190 4437 1348 4517 Ponyathi
1374 4439 1547 4516 instigator
1572 4436 1665 4499 officii
1690 4459 1780 4500 accu-

227 4555 298 4606 sata
322 4546 526 4605 contumacia
552 4544 663 4604 horror.
689 4543 793 4618 Blasii,
826 4546 1032 4606 mansionarii
1062 4547 1093 4604 in
1118 4542 1271 4622 Syeprcz,
1305 4545 1434 4604 nomine
1458 4543 1556 4604 ossrcii
1581 4555 1695 4606 contra
1719 4546 1778 4605 dis-

227 4661 349 4714 cretum
374 4640 515 4714 Blasium
540 4653 791 4714 mansionarium
817 4673 839 4712 s.
865 4652 967 4712 Marie
991 4652 1022 4711 in
1046 4649 1191 4732 Syeprcz
1216 4651 1317 4712 verbo
1342 4653 1520 4731 proposuit,
1547 4652 1714 4729 quomodo
1738 4653 1779 4711 ab

227 4761 318 4820 annis
341 4759 369 4820 ll
395 4759 474 4820 citra
506 4755 558 4819 vel
581 4759 663 4820 ultra
688 4777 791 4838 usque
823 4760 854 4818 in
880 4757 1044 4826 hactenus,
1078 4760 1195 4819 timore
1222 4757 1281 4818 Dei
1306 4759 1493 4838 postposito
1525 4777 1562 4817 ac
1586 4759 1780 4820 verecundia

228 4863 437 4944 presbiterali,
462 4865 614 4926 mulieres
638 4876 808 4944 suspectas
833 4867 862 4928 in
882 4867 982 4927 domo
1006 4885 1064 4925 sua
1088 4877 1202 4926 tenere
1226 4885 1323 4928 ausus
1347 4876 1397 4927 est
1420 4864 1622 4937 scandalose,
1646 4885 1689 4926 ex
1714 4868 1780 4942 qui·

228 4971 287 5033 bus
310 4992 406 5034 unam
443 4973 573 5033 nomine
599 4970 729 5034 Annam
765 4975 1029 5052 impregnaverat
1062 4981 1094 5034 et
1126 4993 1228 5052 nuper
1265 4973 1391 5052 peperit
1428 4970 1551 5051 prolem
1588 4991 1631 5031 ex
1662 4973 1779 5033 eodem

228 5092 422 5158 susceptam,
459 5099 523 5158 que
548 5079 721 5140 novissime
754 5089 804 5140 est
836 5081 1029 5153 introducta,
1066 5100 1128 5159 que
1153 5080 1253 5140 eciam
1287 5079 1399 5140 mulier
1430 5099 1490 5159 per
1512 5078 1596 5139 dnos
1628 5078 1780 5140 consules

229 5187 340 5266 oppidi
373 5185 517 5266 Syerpcz
548 5186 681 5247 bannita
713 5207 748 5248 se
780 5185 821 5248 ad
847 5186 1007 5266 prelatum
1040 5185 1178 5247 Blasium
1213 5185 1359 5256 contulit,
1395 5187 1443 5245 cui
1469 5185 1664 5246 vestimenta
1689 5183 1779 5265 plura

228 5293 427 5374 comparavit
459 5303 493 5354 et
516 5294 635 5354 servire
667 5294 754 5373 apud
777 5293 927 5355 homines
958 5292 1063 5354 eidem
1089 5291 1239 5368 inhibuit;
1272 5273 1481 5360 item'aliam,
1514 5313 1577 5371 que
1609 5291 1777 5370 adipsum

228 5402 349 5482 ingredi
375 5399 553 5472 videbatur,
578 5401 609 5458 in
633 5419 699 5478 qua
722 5402 785 5462 iam
810 5401 903 5480 signa
928 5409 1088 5481 apparent
1111 5401 1350 5478 concepcionis,
1375 5417 1459 5457 nunc
1484 5398 1712 5475 impregnavit,
1737 5419 1777 5458 ex

229 5529 291 5588 quo
315 5507 505 5568 scandalum
531 5508 612 5567 inter
636 5505 787 5586 vulgares
810 5507 920 5566 oritur.
946 5506 1026 5567 ltem
1052 5507 1138 5567 idem
1163 5506 1288 5566 Blasius
1314 5503 1499 5564 mulieribus
1523 5503 1563 5563 ad
1589 5523 1625 5563 se
1650 5501 1778 5581 publice

226 5615 345 5676 intrare
371 5614 511 5690 mandat,
535 5615 728 5694 promittens
752 5615 798 5674 eis
822 5615 1028 5676 securitatem
1056 5633 1114 5692 per
1137 5611 1197 5674 hec
1221 5612 1334 5673 verba:
1368 5609 1507 5682 Videb0,
1538 5609 1563 5670 si
1589 5609 1660 5687 quis
1684 5609 1779 5668 michi

228 5719 323 5783 iaciat
346 5720 481 5800 aliquid;
513 5721 554 5782 ad
579 5723 668 5782 cuius
692 5723 972 5782 assecuracionem
1006 5718 1153 5780 mulieres
1177 5719 1286 5798 plures
1310 5730 1463 5796 suspecte
1487 5718 1625 5777 adeum
1651 5716 1778 5776 intrant.

332 5851 389 5892 aaa
402 5849 553 5894 aestuata.
570 5850 604 5890 111.
1656 5833 1673 5888 9
