4392 6672
395 702 435 760 28
867 699 961 746 acra
979 697 1102 747 runrcn
1121 697 1257 747 accras.
1279 697 1466 745 raucansrs

393 917 605 975 iuramentum
630 911 744 974 deferri
761 923 794 973 et
811 913 876 973 suis
894 911 1207 992 compurgatoribus.
1233 909 1274 970 Et
1291 910 1373 970 dnus
1390 907 1545 988 Officialis
1569 919 1703 985 recepto
1720 908 1761 969 de
1777 907 1840 968 hoc
1858 929 1943 969 man·

393 1026 471 1086 dato
496 1022 569 1082 Rmi
593 1021 646 1081 dni
673 1019 828 1098 Episcopi
855 1019 1017 1079 Plocensis
1041 1016 1170 1096 speciali
1196 1017 1237 1076 ab
1262 1018 1333 1097 ipso
1358 1018 1480 1096 recepit
1504 1017 1718 1075 iuramentum
1751 1015 1810 1076 snb
1842 1014 1944 1074 forma

393 1132 461 1193 tali:
485 1127 557 1204 Ego
583 1125 830 1187 Bartholomeus
856 1129 931 1187 iuro.
958 1127 1044 1203 qnod
1068 1145 1131 1184 non
1157 1124 1216 1184 ieci
1243 1126 1362 1186 crimen
1388 1123 1548 1184 homicidii
1574 1143 1633 1182 nec
1659 1143 1716 1202 per
1734 1143 1784 1181 me
1809 1141 1869 1182 nec
1887 1143 1944 1200 per

393 1243 580 1316 suggestam
606 1252 778 1312 personam
804 1251 863 1291 nec
887 1230 1022 1292 consilio
1048 1251 1106 1292 nec
1131 1232 1250 1290 auxilio
1277 1251 1334 1292 nec
1353 1242 1455 1291 ratum
1481 1229 1577 1290 habui
1593 1226 1800 1290 homicidium
1823 1226 1942 1289 iactum

392 1347 425 1404 in
442 1341 590 1420 Zagroba
616 1359 672 1420 per
689 1337 767 1398 alios
793 1338 899 1410 laicos
925 1339 968 1397 sic
986 1357 1038 1398 me
1064 1337 1152 1398 Deus
1176 1339 1306 1398 adiuvet
1331 1347 1364 1398 et
1389 1358 1412 1397 s,
1432 1335 1489 1396 Dei
1517 1335 1712 1415 liwangelia.
1737 1335 1818 1396 Item
1836 1355 1854 1394 a
1871 1356 1944 1394 con-

394 1447 623 1531 purgatoribus
648 1447 769 1525 recepit
801 1445 929 1506 solitum
956 1445 1177 1519 iuramentum,
1210 1443 1296 1522 quod
1321 1445 1457 1505 credunt
1485 1443 1588 1521 ipsum
1613 1462 1724 1504 verum
1749 1443 1877 1502 iurasse.
1902 1440 1944 1501 Et

394 1557 512 1616 ibidem
537 1564 693 1633 purgatus
719 1552 832 1632 petivit
857 1554 1105 1612 instrumentum
1130 1551 1291 1629 publicum
1317 1571 1415 1630 super
1439 1551 1501 1611 boc
1518 1562 1549 1611 et
1567 1549 1690 1611 litteras
1715 1551 1767 1608 dni
1787 1546 1943 1610 Officialis

392 1673 573 1742 oportrmas
600 1659 641 1720 ad
665 1678 778 1720 omnes
810 1660 841 1718 in
867 1655 1003 1718 ecclesia
1029 1657 1175 1718 Plocensi
1200 1657 1394 1718 habitantes.
1435 1657 1476 1719 Et
1501 1656 1651 1716 dominus
1685 1657 1823 1718 restituit
1859 1655 1943 1716 same

393 1771 495 1851 prime
520 1778 553 1829 et
576 1767 706 1828 admisit
730 1768 760 1824 in
785 1763 893 1825 officio
918 1775 1079 1844 agentem.
1105 1764 1345 1826 presentibus..

606 1958 646 2020 Α.
677 1957 768 2034 1466,
795 1956 989 2017 Novembris
1019 1974 1064 2030 11,
1089 1959 1119 2016 in
1145 1957 1284 2035 Iunyecz
1309 1958 1338 2018 in
1364 1959 1451 2018 curia
1476 1955 1662 2035 episcopali.

502 2080 563 2148 76.
587 2081 686 2162 (Acta
710 2083 808 2161 episc.
826 2081 880 2158 ll..
908 2080 999 2142 Dnus
1023 2079 1184 2142 Stiborius
1209 2081 1246 2142 D.
1263 2103 1293 2159 g.
1310 2082 1485 2161 episcopus
1511 2079 1706 2140 Plocensis„
1733 2100 1789 2157 per
1813 2100 1944 2159 expres·

394 2213 462 2253 snm
488 2201 689 2270 protestatus
713 2199 770 2258 est,
805 2189 891 2268 quod
917 2188 1029 2248 honor.
1055 2189 1136 2248 dnus
1162 2187 1273 2248 Petrus
1305 2187 1345 2247 de
1370 2187 1547 2260 laneam,
1578 2187 1752 2246 canonicus
1780 2185 1943 2246 Plocensis

393 2311 425 2359 et
450 2307 556 2358 rector
580 2295 716 2356 ecclesie
741 2293 934 2372 parochialis
957 2296 988 2354 in
1009 2292 1148 2354 l'lonslro
1174 2295 1354 2371 protocolla
1378 2313 1433 2353 seu
1459 2303 1553 2354 notas
1577 2312 1652 2353 suas
1676 2301 1709 2353 et
1726 2295 1772 2353 sui
1798 2294 1942 2370 germani

392 2403 548 2464 Preczslai
573 2402 647 2461 olim
673 2401 820 2460 canonici
844 2399 1009 2461 Plocensis
1026 2401 1088 2459 iam
1106 2397 1257 2472 defuncti,
1283 2419 1346 2478 que
1364 2401 1439 2460 dum
1462 2401 1491 2458 in
1509 2399 1700 2459 cancellaria
1718 2402 1769 2479 pie
1788 2401 1943 2460 memorie

392 2511 444 2570 dni
469 2507 564 2578 Pauli,
589 2508 735 2586 episcopi
762 2505 926 2566 Plocensis
951 2515 983 2565 et
1001 2506 1242 2584 predecessoris
1267 2507 1442 2567 immediati
1468 2505 1522 2566 dni
1540 2502 1679 2578 Stiborii,
1704 2507 1849 2584 episcopi
1874 2505 1942 2566 Pio-

391 2617 496 2678 censis
522 2615 675 2686 moderni,
702 2612 836 2684 fuerant,
865 2612 1007 2674 habebat
1031 2613 1212 2682 recollecta,
1245 2633 1307 2692 que
1331 2615 1434 2674 eciam
1458 2613 1638 2694 tangebant
1663 2612 1782 2674 laetum
1808 2613 1942 2674 ecclesie

393 2723 565 2795 Plocensis‚
596 2739 704 2780 coram
736 2721 840 2797 ipso..
873 2719 938 2779 dno
963 2717 1106 2780 Stiborio
1138 2721 1328 2799 reproduxit
1361 2739 1495 2780 unacum
1529 2720 1642 2780 litteris
1675 2721 1886 2782 institucionis
1910 2731 1942 2782 et

393 2830 586 2907 provisionis
610 2827 650 2887 de
675 2826 811 2888 ecclesia
838 2825 1011 2904 parochiali
1038 2826 1077 2886 de
1098 2824 1236 2886 Plonsko
1261 2826 1364 2886 eidem
1391 2845 1448 2904 per
1472 2825 1569 2884 dnum
1598 2825 1726 2886 Paulum
1752 2827 1941 2907 episcopum

393 2935 477 2996 facte
509 2944 543 2995 et
566 2933 713 3014 graciose
747 2952 911 2996 concesse.
946 2933 1055 3012 vigore
1081 2953 1214 3012 quarum
1249 2933 1426 2993 litterarum
1459 2933 1528 3013 ipse
1553 2933 1635 2993 dnus
1660 2933 1775 2993 Petrus
1800 2931 1942 3014 Plonsky

393 3041 635 3122 possessionem
669 3041 753 3100 dicte
778 3039 913 3100 ecclesie
947 3039 1138 3119 parochialis
1172 3041 1201 3099 in
1228 3039 1368 3100 Plonslro
1401 3041 1580 3119 iuriunrque
1611 3050 1644 3101 et
1674 3041 1940 3120 pertinenciarunr

391 3151 492 3228 ipsius
524 3157 637 3208 nactus
661 3157 711 3208 est
743 3156 776 3208 et
801 3143 935 3226 pacifice
960 3146 1107 3226 adeptus,
1141 3149 1170 3206 in
1196 3167 1258 3227 qua
1284 3143 1418 3226 pacifica
1453 3147 1661 3224 possessione
1694 3148 1780 3209 dicte
1807 3146 1941 3209 ecclesie

392 3254 548 3316 hactenns
572 3256 750 3321 continuat,
775 3253 982 3334 prefatusque
1008 3253 1110 3314 Rmus
1128 3265 1220 3332 pater
1237 3255 1355 3314 ibidem
1381 3253 1502 3314 dictum
1520 3253 1619 3314 dnum
1645 3253 1773 3316 Petrum
1799 3253 1940 3332 Plonslry

391 3382 448 3422 sue
474 3358 608 3420 ecclesie
642 3357 806 3422 Plocensis
838 3379 875 3420 ac
899 3379 958 3420 suo
984 3360 1165 3420 nominibus
1198 3361 1349 3440 quittavit
1386 3381 1423 3420 ac
1456 3361 1629 3440 quittatum
1664 3361 1767 3423 reddit
1798 3362 1839 3423 de
1863 3363 1942 3442 ipsis

391 3465 595 3546 protocollis.
609 3516 614 3527 .

605 3656 646 3718 A.
678 3655 767 3735 1466,
793 3656 989 3719 Novembris
1014 3674 1064 3730 21,
1090 3659 1120 3718 in
1145 3657 1311 3720 Poltowslr
1337 3661 1367 3718 in
1393 3661 1480 3720 curia
1504 3658 1691 3740 episcopali.

500 3777 561 3844 77.
587 3779 682 3860 (Acta
699 3783 796 3862 episc,
815 3781 870 3860 I)..
895 3781 971 3842 Dno
988 3779 1140 3852 Stiborio,
1165 3785 1323 3863 episcopo
1341 3783 1497 3852 Plocensi‚
1522 3803 1582 3860 pro
1599 3784 1781 3847 tribunali..
1806 3786 1941 3848 sedente
2000 3831 2008 3854 .

371 3899 424 3954 ,et
448 3907 556 3948 coram
582 3908 638 3949 sua
655 3887 714 3950 Pte
739 3888 879 3949 discreto
900 3887 1035 3950 Andrea
1059 3889 1176 3950 vicario
1200 3891 1230 3949 in
1248 3889 1382 3960 Wrona‚
1407 3891 1636 3952 satisfaciendo
1653 3893 1792 3953 termino
1816 3893 1875 3954 sibi
1899 3915 1942 3956 ex

390 3993 499 4056 oliicio
523 3997 698 4071 assignato,
732 3994 944 4074 personaliter
977 4008 1196 4076 comparente,
1229 3997 1320 4058 lectis
1352 4006 1385 4057 et
1410 3997 1581 4076 publicatis
1605 4000 1874 4060 attestacionibus
1899 4009 1940 4062 te·

391 4104 485 4162 stium
513 4103 553 4163 de
575 4103 641 4162 vita
665 4102 764 4182 ipsius
792 4103 923 4164 Andree
948 4114 1152 4183 receptorum
1179 4114 1412 4184 compertaque
1438 4105 1628 4166 carnalitate
1652 4107 1753 4184 ipsius
1777 4117 1809 4168 et
1826 4127 1941 4168 concu-

391 4208 502 4268 binatu
527 4226 564 4267 ac
581 4207 843 4287 frequentacione
869 4209 1084 4282 tabernarum,
1110 4220 1142 4270 et
1161 4220 1296 4289 propter
1319 4209 1382 4272 hoc
1407 4210 1550 4290 prefatus
1575 4211 1678 4274 Rmus
1701 4225 1797 4292 pater
1820 4214 1939 4275 dictum

391 4314 605 4394 presbiterum
632 4314 810 4377 inherendo
833 4318 963 4378 statutis
987 4337 1117 4378 snorum
1143 4318 1410 4397 predecessorum
1438 4339 1496 4397 pro
1521 4321 1625 4399 prima
1649 4319 1818 4381 delacione
1842 4335 1874 4382 et
1898 4323 1942 4382 in-

391 4421 567 4499 quisicione
593 4442 652 4502 pro
670 4434 759 4484 reatu
777 4423 1009 4485 concubinatus
1034 4425 1064 4484 in
1084 4423 1095 4484 l
1121 4445 1286 4505 sexagena
1312 4436 1344 4486 et
1363 4447 1421 4504 pro
1442 4423 1707 4505 frequentacione
1732 4427 1940 4490 tabernarum

389 4527 420 4586 in
446 4547 509 4587 una
534 4528 640 4589 media
663 4549 772 4590 marca
796 4529 876 4590 insra
902 4550 1046 4592 mensem
1072 4531 1237 4592 solvendis
1260 4532 1319 4592 sibi
1346 4533 1432 4593 Rmo
1458 4535 1541 4611 patri
1566 4535 1780 4597 sentenciavit
1812 4545 1844 4596 et
1868 4555 1940 4596 con·

390 4633 612 4713 dempnavit..

603 4827 643 4889 Α.
676 4831 765 4907 1466,
790 4829 982 4892 Decembris
1013 4833 1057 4902 16,
1082 4834 1112 4892 in
1138 4834 1331 4894 consistorio
1356 4831 1586 4894 Polthoviensi.

498 4947 559 5016 78.
585 4951 681 5033 (Acta
705 4953 787 5016 offic.
812 4955 859 5036 ΙΙ).
894 4955 1053 5017 lohannes
1085 4957 1126 5018 de
1151 4957 1259 5018 Ribno
1291 4977 1363 5018 cum
1388 4957 1480 5018 Lena
1505 4959 1545 5020 de
1569 4957 1704 5021 Lelewo
1728 4959 1941 5039 personaliter

389 5059 630 5124 convenientes,
663 5059 823 5122 lohannes
856 5063 1020 5140 predictus
1054 5065 1224 5144 proposuit
1256 5075 1370 5125 contra
1403 5065 1578 5133 mulierem,
1612 5067 1777 5145 quomodo
1801 5067 1832 5126 vl
1857 5087 1940 5128 com·

388 5163 500 5244 pulsus
533 5177 620 5227 metu
647 5187 731 5247 pene
755 5167 853 5229 XXX
878 5189 1128 5249 sexagenarum,
1161 5189 1221 5249 pro
1246 5170 1361 5250 quibus
1386 5180 1480 5250 pater
1504 5191 1579 5232 suus
1604 5171 1759 5235 fideiussit
1791 5174 1857 5234 dno
1881 5173 1939 5234 Le-

390 5269 525 5350 lewslry,
559 5285 593 5334 ut
617 5293 651 5334 se
675 5275 843 5352 copularet
868 5274 953 5337 dicte
977 5275 1104 5348 femine,
1136 5288 1169 5337 et
1193 5278 1293 5337 eciam
1327 5291 1415 5338 metu
1439 5279 1608 5350 cruciatus,
1641 5281 1715 5358 quia
1740 5278 1799 5341 fuit
1823 5279 1939 5360 ligatus

389 5375 463 5437 sune
488 5378 519 5438 in
536 5376 621 5440 collo
646 5389 679 5442 et
696 5379 843 5442 manibus
869 5393 901 5444 et
926 5383 951 5442 si
976 5383 1123 5444 durasset
1147 5383 1192 5443 sic
1214 5385 1347 5456 vinctus,
1372 5382 1484 5444 fuisset
1509 5385 1681 5459 extinctus,
1707 5395 1740 5447 et
1766 5395 1939 5467 postquam

388 5485 551 5564 evigilavit
576 5486 668 5566 quasi
693 5487 733 5548 de
750 5507 890 5564 sompno
915 5489 1059 5559 audiens,
1084 5489 1172 5569 quod
1196 5490 1282 5550 idem
1301 5488 1415 5550 nobilis
1440 5489 1615 5571 Lelewslry
1632 5494 1847 5554 comminatus
1866 5489 1938 5578 [est]

387 5592 526 5654 maiores
555 5613 657 5674 penas
682 5595 741 5655 sibi
765 5593 919 5674 infligere,
944 5596 1000 5655 ivit
1024 5596 1066 5657 ad
1089 5595 1259 5657 ecclesiam
1293 5609 1324 5657 et
1349 5599 1470 5677 recepit
1495 5596 1659 5658 mulierem
1685 5619 1724 5660 ea
1747 5601 1940 5668 intencione,

388 5708 422 5760 ut
446 5699 599 5763 evaderet
623 5701 800 5763 cruciatum
825 5705 971 5783 corporis
995 5714 1027 5766 et
1046 5723 1163 5782 penam
1189 5703 1288 5766 XXX
1312 5725 1561 5786 sexagenarum,
1586 5719 1618 5767 et
1644 5719 1818 5788 postquam
1843 5727 1940 5788 copu-
