4458 6674
822 631 999 683 ANNORUM
1021 631 1205 686 1503-1504.
1732 651 1788 699 lOl

240 723 336 730 -u—-=
344 723 786 732 --.——-—---.-—-..-—
857 725 1400 734 „m*.—*“—,m
1407 729 1427 734 -
1436 729 1565 734 0——

238 847 351 908 dorum
376 864 437 926 pro
461 845 639 906 tricesirnis.
678 843 760 906 Item
786 844 901 906 librum
925 843 1134 906 decretalium
1161 843 1301 924 plebano
1331 847 1362 906 in
1388 845 1504 909 Cn'slro
1528 867 1589 928 pro
1612 845 1724 912 debito
1750 845 1793 910 lll

237 954 429 1016 ducatorum
455 961 489 1012 et
512 950 553 1011 ad
578 953 756 1012 tricesimas
781 951 879 1012 dedit.
916 951 997 1014 Item
1022 950 1055 1012 V
1079 952 1242 1013 volumina
1266 952 1420 1015 librorum
1445 953 1583 1016 ecclesie
1608 955 1639 1015 in
1664 953 1793 1038 Radzy-

239 1079 347 1142 myno.

452 1251 493 1312 A.
524 1267 614 1330 1504,
640 1251 773 1312 Ianuarii
801 1268 828 1328 3.
854 1255 885 1312 in
910 1251 1010 1312 Ploclr
1035 1255 1065 1312 in
1091 1253 1178 1313 curia
1202 1254 1390 1344 episcopali.

346 1372 436 1440 240.
468 1375 567 1453 (Acta
591 1377 690 1455 episc.
715 1375 818 1456 Vlll..
852 1375 934 1453 ΜΨ.
959 1374 1140 1438 Stanislaus
1172 1377 1212 1436 de
1239 1376 1468 1450 Dambrowlra,
1501 1379 1675 1459 instigator
1698 1377 1792 1442 officii

240 1483 346 1549 Rmi..
378 1484 432 1544 dni
466 1481 634 1544 Vincencii
672 1483 709 1544 D.
735 1504 764 1564 g.
790 1485 935 1564 episcopi
969 1483 1167 1544 Plocensis..
1201 1485 1355 1563 produxit
1387 1484 1541 1546 articulos
1572 1485 1794 1566 infrascriptos

239 1602 352 1652 contra
384 1609 510 1670 mgrum
537 1590 666 1652 Petrum
699 1590 739 1650 de
764 1587 983 1654 Chothltowo,
1015 1589 1189 1669 plebanum
1222 1593 1254 1650 in
1280 1589 1471 1671 Vosznylry,
1507 1611 1645 1671 quorum
1675 1589 1793 1676 [tenori

240 1699 386 1778 sequitur
409 1701 439 1758 in
464 1696 548 1758 hunc
573 1697 721 1758 modum:

346 1803 464 1866 Coram
490 1805 583 1864 vobis
609 1805 727 1865 Rmo..
752 1804 817 1863 dno
837 1803 1010 1864 Vincentio
1035 1803 1074 1864 D.
1092 1823 1122 1884 g.
1139 1805 1298 1884 episcopo
1322 1803 1501 1866 Plocensi..
1527 1815 1641 1867 contra
1661 1801 1793 1867 Petrum

239 1913 413 1993 plebanum
438 1914 468 1971 in
496 1910 644 1990 Vosnyki
672 1931 729 1990 pro
747 1911 921 1971 summaria
944 1909 1177 1971 insorrnacione
1201 1922 1235 1972 et
1252 1912 1425 1971 summarie
1442 1925 1601 1992 propono,
1628 1911 1795 1992 quomodo

240 2023 309 2100 ipse
333 2018 375 2079 ab
392 2017 516 2098 aliquot
539 2019 630 2079 anuis
655 2019 754 2087 vitam
779 2017 950 2079 scelestam
976 2019 1097 2079 ducens
1121 2020 1151 2076 in
1170 2017 1251 2077 hanc
1269 2017 1381 2078 boram
1399 2017 1583 2079 nullatenus
1599 2037 1671 2080 eam
1689 2037 1795 2080 emen·

240 2127 358 2188 davit..
385 2139 481 2205 prout
507 2125 568 2186 hoc
593 2145 636 2187 ex
660 2124 768 2187 multis
792 2135 824 2186 et
848 2127 972 2187 iteratis
997 2125 1261 2205 deposicionibus
1285 2126 1416 2186 testium
1446 2133 1480 2185 et
1504 2123 1589 2186 sama
1613 2125 1796 2187 clamorosa

240 2245 273 2295 et
298 2231 428 2314 publica
452 2241 590 2293 constat.

347 2337 389 2401 Et
413 2359 473 2420 pro
497 2341 640 2419 presenti
666 2359 751 2399 anno
775 2351 808 2400 et
832 2349 982 2420 tempore
1006 2351 1056 2402 est
1080 2340 1285 2400 incontinens
1310 2338 1409 2399 immo
1433 2339 1582 2418 publicus
1599 2337 1795 2406 fornicarius.

241 2465 404 2508 sacrorum
436 2445 560 2506 dierum
593 2447 691 2507 etiam
725 2446 754 2508 b.
779 2445 923 2527 Virginis
954 2445 1056 2508 Marie
1090 2445 1481 2507 scelere·incontinencie
1514 2445 1737 2525 prophanator
1764 2453 1797 2508 et
1856 2453 1862 2470 ⁸

242 2554 471 2634 prevaricator.
490 2553 538 2612 sui
555 2553 676 2613 ordinis
693 2553 884 2632 deturpatur
901 2553 1038 2633 publice,
1056 2554 1184 2614 notorie
1201 2563 1233 2613 et
1251 2551 1431 2631 manifeste,
1456 2553 1543 2632 quod
1560 2554 1591 2614 in
1609 2551 1794 2614 scandalum

241 2657 502 2722 Christifidelium
526 2661 639 2739 vergit.

348 2765 429 2828 Item
455 2777 504 2827 est
530 2787 700 2846 percussor
725 2770 861 2842 rixosus,
894 2768 1041 2828 ebriosus
1074 2777 1107 2829 et
1130 2787 1189 2847 per
1213 2777 1317 2830 totum
1342 2768 1425 2828 male
1450 2767 1516 2830 vite
1539 2777 1572 2830 et
1596 2764 1797 2841 scandalose‚

243 2873 330 2954 quod
355 2892 428 2933 cum
454 2875 519 2934 suis
544 2877 700 2954 patronis,
725 2875 849 2936 clericis
873 2885 906 2936 et
923 2875 991 2936 aliis
1016 2879 1165 2954 personis
1189 2893 1246 2936 sue
1271 2873 1425 2954 parochie
1449 2875 1581 2950 rixatur,
1606 2874 1799 2955 percuttitur

242 2989 275 3042 et
299 2980 478 3042 timendum
503 2991 553 3042 est
578 2979 619 3041 de
643 3001 701 3043 sue
726 2983 790 3043 vite
816 2980 959 3061 periculo
983 3001 1002 3042 a
1027 2981 1142 3052 multis,
1177 2981 1265 3062 quod
1298 2989 1348 3042 est
1372 2979 1535 3062 publicum
1566 2991 1603 3043 et
1627 2979 1797 3042 notorium.

349 3087 429 3148 Item
455 3088 677 3149 incensuratus
709 3101 741 3149 et
766 3089 1069 3150 excommunicatus
1101 3087 1216 3149 divinis
1239 3085 1351 3149 officiis
1376 3107 1412 3149 se
1435 3089 1552 3167 ingerit
1584 3097 1618 3149 et
1641 3103 1795 3148 censuras

243 3214 306 3254 non
332 3204 431 3264 curat,
464 3193 564 3255 immo
596 3197 627 3254 in
656 3197 701 3255 eis
726 3197 916 3256 insordescit
948 3195 978 3254 in
1003 3193 1191 3255 scandalum
1217 3192 1479 3256 Christifidelium
1512 3205 1546 3255 et
1570 3201 1796 3274 contemptum

243 3299 379 3363 clavium
405 3321 428 3362 s.
453 3301 565 3362 matris
590 3301 733 3368 ecclesie.
759 3303 846 3381 quod
871 3311 922 3362 est
946 3299 1109 3382 publicum
1135 3311 1169 3363 et
1194 3299 1408 3362 manifestum.

350 3407 430 3469 Item
449 3420 499 3470 est
516 3406 700 3470 taxillorum
726 3407 813 3470 lusor
837 3419 870 3470 et
887 3409 1090 3470 tabernarius
1113 3410 1293 3480 continuus,
1318 3406 1406 3488 quod
1424 3408 1468 3470 sic
1485 3406 1544 3470 suit
1561 3418 1594 3470 et
1611 3419 1662 3470 est
1678 3426 1799 3468 verum.

242 3513 286 3576 Et
310 3515 381 3576 aliis
405 3515 514 3578 multis
538 3515 724 3577 criminibus
748 3515 831 3576 adeo
856 3525 906 3577 est
932 3525 1088 3596 repertus,
1121 3514 1209 3594 quod
1233 3516 1264 3574 in
1290 3514 1404 3576 eadem
1429 3515 1566 3576 ecclesia
1588 3533 1654 3575 non
1678 3513 1800 3594 poterit

243 3622 418 3684 commode
441 3621 510 3683 sine
535 3617 697 3684 dedecore
722 3622 842 3683 ordinis
867 3620 1021 3683 clericalis
1046 3631 1079 3683 et
1102 3623 1299 3684 contumelia
1324 3619 1502 3684 Salvatoris
1525 3621 1558 3682 in
1583 3622 1698 3683 eadem
1722 3621 1797 3683 tole·

244 3731 312 3796 rari.
338 3740 369 3788 et
394 3729 560 3808 premissis
584 3729 800 3792 existentibus
825 3731 908 3790 veris
932 3737 1037 3808 ipsum
1063 3729 1149 3791 dicta
1174 3729 1310 3808 ecclesia
1335 3747 1401 3799 sua,
1425 3729 1538 3809 inqua
1558 3737 1683 3790 tantum
1710 3747 1800 3788 scan-

243 3834 375 3897 dalosus
399 3847 458 3909 est,
484 3837 599 3916 privari
625 3845 657 3896 et
681 3835 759 3896 alias
783 3834 946 3914 condigna
970 3835 1250 3896 animadversione
1276 3835 1387 3913 puniri.

352 3942 404 4003 Ex
429 3942 567 4004 adverso
599 3963 681 4022 mgr.
706 3942 820 4004 Petrus
851 3943 884 4003 in
909 3939 1072 4022 Vosnyky
1106 3940 1262 4022 plebanus
1296 3943 1425 4003 nomine
1450 3961 1508 4004 suo
1541 3941 1656 4022 petivit
1687 3941 1801 4021 copias

244 4060 277 4111 et
300 4049 440 4110 obtinuit
464 4051 636 4110 terminum
669 4048 780 4110 feriam
806 4049 897 4109 Νωιι
922 4059 998 4130 post
1024 4048 1228 4110 Dominicam
1254 4045 1399 4112 Octavas
1431 4048 1696 4129 Epiphaniarmn,
1729 4046 1800 4108 alle·

244 4158 333 4234 gavit
357 4157 463 4228 etiam,
489 4154 576 4236 quod
601 4155 684 4217 dnus
701 4158 941 4218 commissarius
958 4155 1034 4216 Rmi
1059 4157 1182 4235 recepit
1207 4167 1320 4218 contra
1337 4175 1409 4216 eum
1427 4167 1530 4218 testes
1547 4155 1607 4217 sibi
1628 4165 1801 4236 suspectos

244 4275 278 4326 et
301 4264 448 4324 inimicos
472 4263 636 4342 capitales,
663 4283 762 4342 quare
787 4283 844 4323 sua
869 4263 952 4322 Rma
980 4261 1105 4324 Dnacio
1128 4263 1207 4323 alios
1231 4273 1334 4325 testes
1358 4262 1502 4324 decrevit
1526 4261 1728 4324 inducendos
1752 4283 1789 4324 su

247 4389 307 4451 per
330 4371 448 4431 eodem
474 4371 646 4450 negocio„

252 4541 254 4544 .
353 4472 444 4541 241.
477 4475 629 4557 (Ibidem).
663 4476 789 4538 Eodem
815 4477 867 4538 die
893 4526 899 4537 .
925 4497 1005 4557 mgr.
1029 4475 1209 4538 Stanislaus
1236 4475 1463 4544 Dambrowlra.
1497 4477 1670 4557 instigator
1693 4473 1801 4551 officii,

246 4595 360 4646 contra
384 4581 571 4656 Iohannem,
596 4584 627 4643 in
646 4581 858 4662 Novigrodelr
884 4584 1091 4664 plebanum..
1116 4585 1288 4664 proposuit
1312 4583 1422 4656 verb0,
1449 4581 1616 4662 quomodo
1640 4583 1710 4662 ipse
1733 4581 1802 4642 reli-

246 4693 351 4772 gionis
375 4689 558 4752 Christiane
583 4703 616 4752 et
639 4711 696 4750 sue
723 4689 935 4770 professionis
962 4692 1099 4772 primum
1125 4692 1155 4750 iu
1182 4691 1355 4770 baptismo,
1388 4690 1505 4752 deinde
1530 4691 1560 4750 in
1586 4691 1801 4769 suscepcione

246 4817 410 4860 sacrorum
436 4799 583 4858 ordinum
609 4809 642 4860 et
659 4817 716 4859 sue
733 4796 945 4858 sacerdotalis
961 4798 1128 4877 dignitatis
1145 4798 1316 4858 immemor
1332 4799 1411 4858 ritus
1428 4795 1620 4878 dyabolicos
1637 4796 1802 4870 observat,

247 4906 383 4966 libros
414 4907 759 4984 nigromanticos
790 4916 822 4964 et
849 4907 977 4983 penitus
1009 4903 1080 4965 fidei
1115 4915 1148 4966 et
1172 4903 1317 4980 religioni
1349 4903 1531 4965 Christiane
1564 4903 1744 4964 contrarios
1769 4902 1800 4962 in

247 5012 320 5073 loco
343 5011 518 5072 venerabili
544 5025 748 5073 sacramento
773 5013 931 5091 deputato
956 5013 1078 5073 sericea
1101 5011 1173 5082 tela,
1205 5011 1289 5072 stola
1314 5021 1347 5072 et
1371 5011 1529 5071 cinctorio
1552 5007 1802 5072 circumvolutus

247 5119 329 5180 inter
352 5117 382 5179 ll
407 5119 534 5198 pixic'es
559 5121 755 5180 sacrosancti
781 5120 937 5198 Corporis
961 5117 1124 5180 Dominici
1157 5117 1349 5198 reponendo
1373 5117 1539 5194 deservat;
1572 5137 1615 5179 ex
1640 5137 1705 5196 quo
1729 5137 1802 5178 con·

247 5226 412 5289 tumeliam
437 5224 596 5288 Salvatori
622 5237 655 5288 et
672 5227 818 5306 religioni
844 5224 1024 5286 Christiane
1051 5225 1079 5284 in
1099 5234 1164 5286 tam
1190 5209 1345 5286 damnato
1370 5225 1502 5284 crimine
1527 5223 1644 5285 nemini
1669 5223 1801 5284 dublum

246 5345 296 5395 est
320 5335 425 5414 ipsum
452 5332 567 5395 secisse
599 5349 632 5394 et
656 5333 809 5403 intulisse,
844 5354 902 5414 pro
928 5333 1044 5412 quibus
1075 5334 1181 5410 ipsum
1214 5331 1382 5393 heresis
1416 5333 1537 5392 crimen
1572 5341 1719 5392 notatum
1745 5351 1803 5410 per

249 5440 338 5501 Ptem
365 5439 402 5502 V.
429 5440 546 5500 Rmam
580 5460 665 5518 pena
688 5443 849 5518 condigna
882 5440 1130 5520 degradacionis
1162 5449 1194 5499 et
1219 5439 1320 5501 ultimi
1353 5439 1502 5518 supplicii
1535 5437 1639 5518 puniri
1672 5439 1802 5498 nomine

249 5549 453 5628 instigatorio
478 5550 568 5628 petit.

356 5653 409 5716 Ex
436 5654 576 5717 adverso
608 5655 711 5717 dictus
744 5653 905 5716 Iohannes
938 5654 1096 5734 plebanus
1128 5652 1305 5733 respondit,
1338 5652 1425 5731 quod
1456 5650 1561 5713 dictus
1594 5649 1721 5712 libellus
1745 5648 1802 5712 luit
