4392 6672
825 673 1003 722 ANNORUM
1026 670 1210 726 1452-1457.
1752 694 1784 738 11

343 763 445 770 --—-..
472 765 529 770 --.-.
559 765 574 770 .-
591 765 612 770 --
653 765 681 770 —-
708 766 734 770 -—
774 765 841 770 —--—
860 766 947 771 -—-——
966 766 1049 772 -——-
1065 767 1233 772 ——-v--—--
1274 768 1291 772 -
1313 768 1335 772 —
1356 769 1386 774 —-
1409 769 1416 772 -
1456 769 1608 774 —--—-—----
1623 769 1779 778 ——-—-—-—-—

237 881 421 954 castellano,
448 883 599 944 Borlroue
624 883 664 944 de
689 883 871 963 Czirnycze‚
901 887 1138 946 succamerario
1163 882 1505 948 Czechonoviensibus
1529 898 1562 948 et
1586 888 1654 949 aliis
1679 910 1788 968 quam·

237 988 380 1066 pluribus
404 1002 436 1050 et
460 1011 513 1050 me
538 989 636 1052 Paulo
663 987 767 1052 Gorra
793 987 954 1074 [notariol.

447 1181 489 1244 A.
519 1199 609 1262 1457,
635 1183 709 1244 Maii
736 1200 764 1258 2,
788 1185 819 1244 in
843 1183 1039 1246 Czirwensk.

343 1301 405 1369 27.
431 1307 528 1384 (Acta
545 1310 643 1387 episc.
668 1307 722 1386 ll..
748 1309 782 1368 lu
808 1307 983 1370 Cairvenslc
1009 1313 1038 1368 iu
1058 1311 1220 1370 communi
1246 1322 1406 1371 conventu
1434 1309 1564 1372 fratrum
1590 1312 1786 1374 honorabilis

237 1412 397 1484 Nicolaus,
428 1413 585 1493 plebanus
610 1418 640 1474 in
667 1415 751 1484 Zale,
784 1417 824 1476 de
850 1417 998 1476 manibus
1022 1416 1134 1477 bonor.
1159 1417 1326 1477 Michaelis
1351 1418 1445 1478 electi
1471 1419 1499 1476 in
1526 1418 1679 1479 abbatem
1704 1418 1786 1480 Czir-

235 1541 427 1592 senensem,
460 1522 583 1602 recepit
615 1523 655 1582 ad
687 1525 934 1602 rescripcionern
962 1523 1084 1594 librum,
1117 1523 1343 1585 secundam
1379 1537 1541 1601 partein
1577 1527 1786 1586 videlicet

233 1628 447 1688 dictorum
474 1631 576 1709 mgri
596 1629 622 1688 N
634 1630 768 1690 icolai
793 1631 841 1690 de
860 1630 1031 1710 Blonye‚
1049 1631 1307 1702 accomodatum,
1326 1633 1421 1710 quern
1438 1633 1557 1692 ibidem
1575 1632 1604 1690 in
1622 1644 1786 1692 conventu

233 1753 391 1812 reponere
416 1755 451 1796 se
476 1737 657 1797 submisit..

446 1928 487 1988 A.
519 1943 608 2008 1457,
634 1929 700 1989 lulii
726 1945 776 2006 29,
802 1929 833 1990 in
857 1928 1046 1991 lllankoliuo
1071 1932 1102 1989 in
1127 1931 1214 1990 curia
1238 1929 1425 2010 episcopali.

340 2049 402 2116 28.
428 2053 525 2132 (Acta
550 2055 647 2132 episc.
673 2055 728 2134 ll..
761 2053 878 2115 Coram
909 2055 995 2114 Rmo
1027 2066 1119 2134 patre
1144 2056 1210 2115 duo
1234 2053 1342 2128 Paulo,
1375 2055 1531 2134 episcopo
1563 2051 1718 2122 Plocensi‚
1751 2063 1784 2114 et

231 2161 369 2220 testibus
393 2160 604 2242 infrascriptis
629 2182 735 2222 vener.
761 2172 794 2222 et
815 2163 984 2242 religiosus
1009 2163 1091 2222 dnus
1117 2161 1277 2234 Nicolaus,
1304 2161 1406 2222 abbas
1432 2162 1617 2222 monasterii
1643 2182 1665 2222 s.
1684 2160 1783 2222 rldal·

232 2267 311 2326 berti
337 2271 366 2326 in
385 2281 492 2328 castro
520 2269 674 2340 l’locensi,
698 2270 816 2330 citatus
842 2269 881 2329 ad
904 2269 1077 2329 videndum
1103 2281 1136 2329 et
1153 2269 1346 2331 audiendum
1372 2271 1499 2331 admitti
1525 2270 1781 2348 resignacionem

231 2375 364 2434 abbacie
389 2396 446 2436 sue
464 2375 597 2454 prefate.
625 2375 809 2454 quiquidem
836 2375 919 2434 dnus
936 2375 1038 2436 abbas
1059 2377 1274 2455 personaliter
1297 2378 1493 2437 constitutus
1518 2377 1686 2452 respondit
1705 2395 1780 2435 nun-

231 2502 326 2561 quam
353 2501 387 2541 se
413 2482 565 2544 habuisse
589 2481 788 2544 voluntatem
815 2483 1000 2560 resignandi
1025 2483 1144 2544 dietam
1171 2484 1353 2558 abl›aciaru;
1379 2483 1466 2562 qnod
1483 2493 1591 2542 autem
1614 2484 1781 2542 constituit

231 2599 473 2666 procuratorem
499 2591 538 2650 ad
565 2589 800 2668 resignandum,
836 2591 972 2650 asseruit
997 2609 1032 2649 se
1057 2590 1088 2649 vi
1113 2599 1217 2650 metus
1250 2591 1311 2650 boc
1338 2589 1450 2650 fecisse
1484 2609 1542 2665 per
1566 2587 1680 2649 fratres
1704 2607 1781 2649 suos

230 2695 425 2775 compulsus.
467 2696 676 2758 Presentibus
709 2695 881 2775 magnifico
914 2696 1058 2757 Iohanne
1090 2697 1130 2756 de
1165 2695 1413 2778 Vangrzinorro
1449 2695 1592 2775 palatino
1625 2695 1780 2764 blazovie,

230 2823 334 2862 vener.
361 2802 512 2872 Iohanne,
539 2804 674 2864 custode
694 2803 850 2872 Plocensi,
875 2823 967 2882 mgro
985 2803 1123 2864 Nicolao
1140 2805 1180 2864 de
1198 2803 1388 2876 Mirziniecz,
1413 2804 1617 2864 decretorum
1635 2803 1778 2872 doctore,

229 2920 261 2969 et
287 2908 471 2970 l'rzeczslao
496 2910 536 2972 de
562 2911 737 2982 lanczewo,
762 2912 927 2970 canonicis
952 2909 1171 2983 PlocensibuS,
1196 2908 1377 2972 Cristuforo
1401 2911 1442 2970 de
1468 2908 1598 2988 Campa,
1631 2907 1779 3000 dapifero

229 3013 383 3086 l'locensi,
410 3028 441 3077 et
460 3039 511 3078 rue
529 3017 628 3078 Paulo
653 3019 781 3078 notario
806 3018 847 3078 de
865 3015 977 3078 Gorra.
1003 3017 1045 3078 Et
1061 3017 1181 3077 ibidem
1207 3019 1461 3096 circumspectus
1486 3016 1625 3077 Mathias
1647 3016 1779 3076 larzarn-

228 3121 292 3182 bek
317 3124 430 3202 petivit
455 3126 515 3184 sibi
540 3126 681 3204 desuper
705 3127 919 3184 instrumenta
945 3123 1066 3184 confici.

334 3225 397 3294 29.
422 3231 603 3308 llbidernl..
629 3231 747 3292 Coram
774 3233 962 3310 prescriptis
987 3231 1124 3292 testibus
1145 3229 1280 3292 amus..
1305 3232 1388 3291 dnus
1414 3229 1528 3290 l’aulus
1553 3229 1591 3290 b.
1608 3249 1637 3309 g.
1656 3229 1779 3308 episco-

228 3357 286 3414 pus
312 3336 477 3398 Plocensis
500 3341 568 3399 visa
586 3339 710 3400 diutina
735 3339 937 3399 dissensione
963 3359 1022 3418 pro
1039 3337 1221 3400 defectibus
1246 3358 1463 3419 expensarum
1489 3347 1522 3398 et
1538 3339 1675 3398 vestium
1697 3337 1779 3396 iuter

227 3463 333 3504 vener.
358 3455 391 3505 et
416 3446 600 3524 religiosum
626 3446 724 3505 dnum
751 3445 933 3518 Nicolaum,
966 3444 1118 3505 abbatem
1145 3445 1330 3506 monasterii
1363 3465 1386 3506 s.
1414 3444 1582 3504 Adalberti
1615 3445 1645 3502 in
1670 3456 1777 3503 castro

228 3548 373 3611 Plocensi
398 3553 515 3622 situati,
540 3563 573 3612 et
591 3551 706 3613 fratres
730 3553 874 3613 eiusdem
900 3553 1089 3613 monasterii
1114 3551 1234 3611 ordinis
1259 3573 1281 3613 s.
1299 3551 1464 3614 Benedicti
1490 3551 1530 3612 ab
1546 3551 1671 3629 aliquot
1687 3551 1778 3610 annis

226 3668 339 3718 exorta
365 3667 398 3718 et
423 3658 536 3718 horum
563 3661 735 3720 occasione
760 3661 923 3732 suscitata,
950 3661 1080 3720 racione
1105 3678 1242 3738 quorum
1267 3659 1307 3718 ad
1334 3659 1534 3738 presenciam
1559 3677 1616 3718 sue
1640 3657 1706 3717 Ptis
1731 3677 1776 3716 se-

225 3764 356 3843 pissime
381 3786 439 3845 per
457 3765 570 3826 fratres
595 3767 671 3826 dicti
696 3767 882 3826 monasterii
908 3768 1095 3844 questiones
1115 3775 1147 3825 et
1165 3767 1317 3845 lugubres
1342 3767 1570 3844 deposiciones
1594 3764 1777 3840 veniebant,

224 3872 311 3948 ipsas
335 3873 556 3932 dissensiones
581 3883 613 3933 et
638 3875 877 3934 controversias
911 3894 968 3950 per
993 3872 1131 3934 medium
1158 3871 1336 3933 amicabilis
1361 3873 1612 3950 composicionis
1635 3871 1777 3950 compla-

225 3995 300 4036 nare
332 3979 464 4056 cupiens
496 3991 528 4038 et
553 3981 670 4056 sopire,
706 3991 739 4039 et
771 3989 806 4040 nt
831 3981 891 4059 ipsi
918 3979 1033 4040 fratres
1065 3977 1186 4040 ordinis
1222 3981 1392 4040 memorati
1424 3999 1463 4040 eo
1488 3980 1629 4040 securius
1662 3978 1775 4038 divinis

223 4081 346 4156 officiis,
373 4096 468 4162 prout
493 4097 650 4159 tenentur,
675 4106 751 4147 cura
775 4087 964 4147 secularium
990 4089 1237 4164 negocioruma
1262 4107 1296 4148 se
1321 4086 1439 4164 evulsa,
1464 4087 1612 4147 insistere
1637 4085 1774 4156 valeant,

223 4189 263 4248 ad
288 4192 564 4277 sustentacipnern
590 4194 733 4269 ipsorum
760 4192 893 4254 fratrum
927 4196 958 4253 in
983 4195 1182 4255 monasterio
1208 4193 1355 4274 predicto
1386 4195 1537 4254 continue
1563 4190 1774 4252 residencium

222 4311 477 4375 competentem,
510 4300 715 4378 presentibus
741 4303 885 4379 utrisque
911 4301 1057 4377 partibus
1081 4303 1185 4378 ipsum
1212 4301 1309 4360 dnum
1336 4301 1504 4362 Nicolaum
1538 4299 1689 4360 abbatem
1715 4297 1774 4360 sub

223 4423 308 4481 pena
324 4408 682 4478 excommunicacionis,
709 4409 972 4485 quociescuuque
996 4407 1238 4468 contraveniret
1262 4409 1426 4468 sentencie
1443 4427 1500 4468 sue
1516 4406 1773 4480 condemnand0,

221 4513 435 4573 sentenciavit
460 4525 492 4573 et
510 4513 664 4574 decrevit:
692 4514 836 4592 inprimis
861 4516 947 4594 quod
965 4516 1035 4594 ipse
1053 4516 1136 4574 dnus
1160 4514 1263 4575 abbas
1287 4535 1346 4594 pro
1364 4517 1614 4576 conservacione
1640 4513 1772 4575 fratrum

221 4617 268 4676 sui
293 4617 413 4679 ordinis
438 4619 570 4698 singulis
596 4621 768 4686 mensibus.
794 4623 946 4701 quamdiu
973 4623 1096 4685 vixerit.
1123 4623 1163 4684 ad
1188 4622 1361 4683 claustrum
1382 4642 1472 4680 suum
1500 4641 1558 4700 pro
1577 4622 1772 4682 braxacione

221 4725 354 4784 cervisie
379 4745 436 4803 per
453 4725 512 4786 Xll
532 4727 649 4787 choros
674 4729 768 4788 tritici
795 4730 862 4807 puri
882 4749 1031 4789 mensure
1049 4729 1212 4789 Plocensis
1237 4729 1313 4788 dare
1331 4729 1507 4804 tenebitur,
1533 4731 1606 4788 item
1627 4726 1771 4806 qualibet

220 4831 402 4908 septimana
426 4843 492 4893 tres
516 4837 665 4912 capecias
691 4836 783 4913 panis
807 4836 958 4910 valentis;
984 4838 1059 4895 item
1085 4834 1218 4912 singulis
1243 4835 1434 4912 septimanis
1468 4855 1525 4912 pro
1551 4835 1692 4913 piscibus
1716 4841 1770 4893 aut

220 4939 369 4998 carnibus
394 4942 576 5000 recentibus
602 4941 613 5000 Ι
640 4941 811 5016 fertonem,
837 4944 913 5002 item
941 4941 1014 5000 salis
1041 4945 1098 5020 1¹33
1125 4953 1258 5001 tunnam
1285 4941 1355 5002 adl
1381 4943 1453 5000 anni
1479 4941 1663 5012 decursum;
1687 4939 1770 4999 simi-

220 5043 290 5105 liter
303 5046 344 5106 ad
359 5045 368 5105 l
383 5067 500 5106 annum
516 5047 590 5108 Vlll
605 5049 727 5108 talenta
742 5049 868 5126 piperis,
882 5048 926 5108 lV
944 5049 1065 5108 talenta
1079 5049 1185 5108 cimini
1200 5059 1232 5108 et
1251 5045 1287 5128 ¹32,
1303 5049 1460 5110 talentum
1476 5049 1568 5118 cruci,
1579 5045 1637 5106 Xll
1653 5045 1770 5105 choros

221 5155 289 5231 pisi,
305 5151 350 5213 Vl
363 5154 481 5214 choros
500 5155 573 5214 milii
590 5167 620 5214 et
637 5153 684 5214 Vl
703 5153 821 5214 chorus
846 5155 996 5234 puleium,
1021 5154 1067 5215 lV
1084 5155 1202 5216 choros
1215 5157 1346 5216 seminis
1363 5155 1486 5224 canolii,
1503 5153 1528 5212 lI
1543 5153 1660 5211 choros
1674 5171 1770 5230 papa·

220 5261 311 5338 veris,
343 5259 389 5320 IV
415 5261 572 5320 manualia
597 5262 674 5320 alias
699 5261 838 5332 rrrrrcslcv
862 5262 966 5332 butiri,
1000 5260 1061 5322 Xll
1085 5261 1202 5322 choros
1226 5263 1348 5322 humuli
1374 5283 1432 5341 pru
1457 5261 1603 5336 cervisia,
1636 5260 1712 5318 item
1739 5259 1770 5319 X

218 5385 401 5446 sexagenas
425 5387 601 5432 caseorum.
627 5367 692 5428 XX
716 5369 867 5445 cape-cias
891 5389 1026 5427 ovorum
1063 5367 1123 5427 LX
1146 5369 1261 5448 gallos,
1286 5366 1380 5427 XXX
1406 5386 1515 5440 ancas;
1540 5371 1615 5428 item
1634 5365 1681 5427 lV
1699 5387 1770 5443 por·

218 5493 276 5534 cos
300 5477 468 5552 saginatos
500 5473 678 5553 quemlibet
711 5477 740 5533 in
776 5475 885 5536 valore
917 5474 982 5535 XV
1006 5497 1052 5556 gr.
1078 5487 1133 5536 aut
1158 5474 1229 5534 loco
1255 5475 1423 5534 cuiuslibet
1457 5476 1545 5552 porci
1577 5473 1641 5534 XV
1666 5493 1711 5551 gr.
1736 5484 1769 5535 et

219 5580 266 5640 IV
292 5601 411 5661 porcos
437 5601 563 5640 macros
588 5601 647 5659 pro
672 5585 924 5642 conservacione
951 5583 1097 5642 valentes
1122 5582 1211 5642 dabit
1236 5583 1266 5640 in
1292 5581 1474 5642 claustrum.
1511 5581 1552 5640 lit
1577 5583 1601 5640 si
1627 5582 1686 5656 ipsi
1712 5581 1766 5640 fra·

218 5701 284 5748 tres
310 5689 416 5768 plures
440 5689 601 5749 voluerint
627 5709 745 5766 porcos
769 5689 902 5760 habere,
928 5690 1071 5767 poterint
1095 5691 1222 5749 aliunde
1247 5691 1451 5766 acquirentes
1476 5687 1517 5748 ad
1534 5707 1626 5746 suum
1646 5685 1766 5747 libitum
