4392 6672
831 672 1011 726 ANNORUM
1030 670 1214 728 1499-1500.
1757 691 1795 758 75

249 767 566 774 -------.---

246 908 337 952 sessa
361 909 419 970 per
443 887 648 964 kmethones,
673 885 851 970 respondit,
876 889 966 970 quod
989 887 1057 961 suit,
1089 886 1147 950 sed
1171 887 1334 950 fluxerunt
1358 885 1416 950 XL
1439 887 1491 950 vel
1514 889 1595 951 citra
1617 890 1700 966 anni,
1726 891 1800 972 quia

246 996 324 1058 olim
349 996 416 1058 dux
439 995 608 1058 Boleslaus
633 1007 726 1074 pater
750 996 897 1058 moderni
921 996 974 1056 dni
1000 994 1090 1058 ducis
1115 993 1257 1058 Cunradi
1281 995 1409 1056 cuidam
1434 995 1541 1070 nobili,
1576 998 1629 1076 qui
1654 998 1695 1060 de
1719 997 1800 1060 Dro-

245 1121 374 1187 gyczyn
407 1113 544 1184 propter
567 1102 718 1165 seviciam
743 1102 834 1164 ducis
858 1100 1041 1164 Lithwanie
1073 1101 1243 1183 aufugerat
1275 1102 1316 1163 ad
1340 1101 1520 1182 principem
1552 1103 1699 1166 Mazovie
1723 1105 1800 1167 olim

245 1210 439 1281 Boleslaum,
463 1207 559 1270 dictis
583 1209 678 1270 bonis
695 1207 838 1270 Vikowo
862 1211 967 1288 ipsum
992 1207 1181 1284 donaverat,
1206 1211 1261 1290 qui
1285 1209 1496 1288 postmodum
1521 1231 1581 1292 per
1597 1221 1704 1274 sortes
1727 1232 1801 1274 ven-

246 1316 353 1388 debat,
385 1318 475 1378 cuius
499 1325 639 1396 nepotes
663 1315 729 1378 duo
759 1318 791 1377 in
815 1326 905 1378 certa
930 1325 1044 1395 quotta
1077 1313 1140 1376 illic
1164 1317 1315 1388 resident,
1347 1315 1507 1379 decimam
1532 1338 1575 1382 ex
1598 1319 1801 1399 agriculturis

246 1422 400 1486 nobilium
433 1423 564 1504 plebani
597 1442 657 1503 pro
681 1432 831 1503 tempore
863 1425 1043 1486 existentes
1076 1425 1108 1484 in
1131 1421 1300 1485 Lachowo
1331 1425 1540 1504 recipiebant,
1572 1426 1631 1488 sed
1656 1427 1801 1505 prefatus

246 1529 371 1602 nobilis,
395 1531 449 1610 qui
474 1530 531 1592 luit
554 1529 721 1606 vexillifer,
746 1530 967 1612 respondebat
991 1529 1032 1592 de
1057 1531 1183 1592 decima
1207 1532 1247 1592 ad
1272 1529 1492 1611 parochialem
1516 1529 1547 1592 in
1572 1530 1677 1594 Colno
1701 1545 1734 1596 et
1758 1534 1802 1596 di·

246 1639 322 1700 vina
345 1637 549 1718 percipiebat
573 1651 785 1706 sacramenta,
814 1657 977 1719 pauperes
997 1653 1079 1700 ¹vero
1103 1637 1300 1700 kmethones
1323 1637 1498 1702 visitabant
1522 1641 1553 1701 in
1578 1639 1745 1702 Lachowo
1769 1653 1803 1704 et

247 1755 452 1806 sacramenta
484 1744 722 1826 percipiebant;
753 1745 835 1807 dixit
859 1743 967 1806 villam
990 1744 1134 1807 Vikowo
1167 1746 1432 1826 propinquiorem
1463 1765 1538 1808 esse
1569 1748 1610 1809 ad
1633 1746 1802 1810 Lachowo

251 1871 348 1932 quam
373 1852 414 1914 ad
439 1849 559 1930 Coln0;
582 1852 624 1914 de
648 1851 813 1915 erectione
837 1851 933 1914 nichil
957 1852 1017 1914 sibi
1041 1863 1192 1915 constare
1216 1853 1307 1916 dixit.

353 1955 603 2022 Secundus
638 1961 731 2022 testis
763 1959 880 2022 nobilis
912 1959 1074 2022 Iohannes
1105 1959 1145 2021 de
1169 1958 1339 2022 Okurowo
1374 1960 1473 2023 irater
1503 1981 1677 2042 germanus
1710 1963 1803 2042 primi

246 2067 340 2130 testis
363 2085 522 2128 annorum
546 2065 642 2128 LXX
674 2077 729 2129 aut
755 2067 868 2129 citra..
900 2069 1130 2148 interrogatus,
1162 2069 1251 2129 cuius
1275 2069 1401 2130 decima
1433 2069 1475 2130 sit
1499 2069 1530 2129 in
1554 2065 1627 2130 villa
1650 2067 1803 2142 Vikowo,

246 2172 431 2254 respondit:
463 2172 684 2254 episcopalem
709 2193 768 2254 per
791 2174 1004 2256 agriculturas
1029 2173 1252 2237 kmethonum.
1291 2175 1524 2256 Interrogatus,
1554 2195 1593 2238 an
1619 2177 1706 2239 dicta
1729 2173 1803 2238 villa

247 2280 351 2342 fuerat
376 2281 607 2344 kmethonibus
632 2282 737 2344 locata
769 2293 803 2344 et
827 2302 994 2363 possessa,
1027 2283 1209 2364 respondit,
1243 2283 1332 2364 quod
1355 2283 1476 2344 dudum
1503 2282 1560 2344 suit
1584 2282 1657 2344 villa
1680 2282 1803 2346 ducalis

247 2387 479 2450 kmethonibus
511 2407 677 2469 possessa,
708 2409 806 2470 quam
831 2390 907 2452 olim
940 2391 1007 2451 dux
1031 2389 1199 2451 boleslaus
1230 2391 1365 2462 cuidam,
1398 2399 1434 2452 ut
1457 2386 1573 2462 credit,
1605 2411 1648 2452 ex
1672 2391 1803 2451 nomine

248 2495 400 2566 Boruthe,
436 2496 490 2576 qui
522 2507 658 2577 propter
690 2496 762 2568 hoc,
799 2497 887 2578 quod
923 2507 1026 2560 terras
1061 2496 1261 2578 Drogyczyn
1297 2507 1331 2559 et
1364 2495 1514 2558 Bransko
1549 2494 1741 2558 consulebat
1771 2507 1804 2560 et

249 2602 380 2666 favebat
411 2614 445 2666 et
469 2604 687 2683 persuadebat
718 2625 778 2686 pro
810 2585 900 2666 duce
925 2605 1074 2666 Mazovie
1107 2603 1182 2666 olim
1207 2603 1367 2680 Bolesla0,
1404 2604 1536 2667 exilium
1567 2603 1692 2667 aduce
1716 2602 1803 2668 Lith-

248 2711 353 2773 wanie
377 2709 513 2782 serebat,
538 2712 718 2774 donaverat
742 2711 802 2774 sub
819 2712 972 2774 limitibus
997 2721 1030 2774 et
1048 2711 1148 2774 fundo
1169 2713 1329 2774 bonorum
1354 2710 1514 2774 dictorum
1531 2709 1683 2774 Vikowo
1707 2711 1804 2775 Inter·

248 2828 383 2899 rogatus
407 2819 449 2880 de
472 2816 648 2880 Vikowo..
674 2820 852 2900 respondit,
885 2820 974 2900 quod
998 2831 1048 2882 est
1073 2819 1145 2882 villa
1169 2817 1306 2881 filiorum
1340 2820 1417 2882 cIIm
1440 2817 1645 2901 Vyetrzych:
1676 2818 1803 2882 NIcolai

249 2937 281 2987 et
304 2925 466 3001 Iohannis,
499 2927 552 3006 qui
577 2926 768 3009 Vyetrzych
792 2927 851 2989 suit
876 2925 958 2990 silius
981 2927 1057 2990 olim
1081 2926 1227 2989 Boruthe
1251 2947 1289 2989 ac
1312 2926 1473 3008 dignitate
1496 2925 1680 3008 appellatus
1703 2927 1802 2990 vexil-

249 3032 326 3095 lifer.
363 3033 593 3114 interrogatus,
626 3054 665 3095 an
690 3036 786 3114 aliqui
819 3035 944 3097 nobiles
969 3036 1140 3114 possident
1170 3053 1268 3118 agros
1300 3035 1427 3115 aliquos
1457 3032 1687 3096 kmethonales
1719 3035 1805 3096 dicte

249 3141 330 3210 ville,
355 3139 532 3221 respondit,
558 3142 646 3222 quod
672 3141 802 3222 quidam
828 3140 953 3204 nobiles
978 3142 1201 3225 Rupyensczy
1225 3151 1332 3205 certas
1356 3151 1463 3205 sortes
1480 3161 1633 3222 agrorum
1658 3139 1804 3203 kmetho-

248 3247 367 3308 nalium
393 3246 612 3310 adiacencium
644 3247 817 3312 locacionis
849 3269 960 3311 eorum
985 3250 1060 3312 ville
1084 3249 1216 3330 Rupino
1247 3251 1279 3310 in
1304 3250 1405 3311 crudo
1437 3252 1602 3330 extirpate
1636 3248 1806 3328 possident

249 3364 283 3415 et
307 3353 427 3416 colunt.
451 3354 682 3435 Interrogatus,
717 3367 874 3436 quantum
899 3356 940 3418 de
965 3355 1066 3420 crudo
1090 3356 1242 3430 habeant,
1276 3356 1465 3440 [respondit
1491 3353 1591 3440 quod]
1616 3355 1648 3417 X
1673 3374 1805 3417 mansos

249 3463 280 3522 in
305 3461 401 3523 bonis
425 3461 568 3524 Vikowo
592 3463 938 3526 circumadiacentibus
969 3465 1184 3526 emensuratis
1208 3463 1338 3536 habent,
1371 3459 1481 3525 colunt
1505 3471 1615 3524 tamen
1647 3473 1680 3524 et
1704 3462 1807 3542 possi·

251 3570 328 3630 dent
352 3567 477 3648 aliquas
501 3571 612 3650 pecias
636 3571 677 3632 de
702 3573 789 3651 agris
813 3569 1080 3633 kmethonalibus
1104 3579 1137 3633 et
1161 3571 1212 3633 alii
1236 3589 1280 3632 ex
1297 3571 1343 3633 eis
1366 3572 1398 3631 ln
1416 3569 1531 3633 eadem
1555 3568 1631 3632 villa
1654 3567 1805 3631 resident.

249 3675 483 3756 Interrogatus,
507 3686 649 3756 quantus
672 3678 824 3740 clrcuitus
848 3679 889 3740 sit
913 3678 1073 3739 bonorum
1098 3676 1250 3746 Vikowo,
1275 3677 1455 3756 respondit:
1480 3695 1577 3738 unum
1603 3677 1725 3738 miliare
1748 3675 1806 3738 lar·

251 3802 326 3863 gum
351 3781 393 3844 ad
417 3803 531 3845 omnes
555 3781 705 3846 hincinde
729 3797 841 3865 partes
864 3783 1209 3864 circumferencialiter‚
1241 3785 1271 3844 in
1298 3783 1414 3864 quibus
1438 3783 1532 3845 bonis
1556 3785 1749 3863 nuncupatis
1772 3795 1806 3847 et

252 3888 425 3970 appellatis
447 3889 510 3952 hoc
536 3891 697 3954 vocabulo
720 3892 864 3958 Vikowo
888 3893 1014 3956 nobiles
1039 3891 1079 3954 de
1103 3891 1290 3964 Broszowo,
1324 3890 1452 3963 Gorski,
1485 3891 1605 3972 Rupye
1629 3887 1806 3976 [resident],

252 3998 328 4058 item
353 3999 503 4060 advocati
528 3995 615 4071 filius,
641 4019 738 4080 quem
763 4003 929 4061 nominare
955 4001 1097 4074 nescivit,
1122 3999 1244 4061 residet
1268 4001 1299 4060 ln
1324 3999 1352 4060 II
1375 4000 1497 4061 mansis
1521 3999 1605 4061 ultra
1628 3999 1709 4061 citra
1732 3998 1806 4060 ville

253 4103 402 4166 Vikowo¹
428 4104 660 4186 Interrogatus,
685 4127 726 4168 an
743 4105 937 4168 Brzoszowo
961 4107 993 4168 in
1017 4107 1118 4168 crudo
1143 4103 1196 4168 vel
1219 4107 1386 4186 extlrpato
1411 4125 1565 4186 possessa
1588 4125 1647 4186 per
1671 4104 1806 4176 nobiles

252 4213 430 4292 respondit,
462 4214 550 4294 quod
574 4216 607 4274 in
630 4215 740 4276 crudo.
781 4214 1004 4296 Interrogatus
1035 4215 1077 4276 de
1102 4215 1247 4295 Ruppye
1279 4213 1455 4292 respondit,
1488 4212 1576 4293 quod
1600 4211 1744 4292 Ruppye
1774 4212 1806 4273 in

254 4321 419 4399 extirpato
444 4320 571 4383 nobiles
595 4341 666 4383 esse
690 4333 848 4401 ceperunt
872 4332 904 4384 et
925 4331 1043 4402 postea
1067 4323 1098 4382 in
1116 4321 1217 4382 crudo
1241 4320 1326 4382 bona
1344 4339 1454 4383 eorum
1480 4337 1631 4398 agrorum
1656 4337 1807 4400 augmen-

252 4436 375 4501 tarunt;
398 4429 466 4501 scit,
491 4428 577 4507 quod
596 4428 627 4490 X
651 4431 756 4492 mansi
780 4439 853 4492 sunt
877 4429 1048 4492 crudorum
1073 4439 1106 4492 et
1131 4429 1376 4508 extirpatorum.
1401 4427 1481 4490 Item
1507 4424 1627 4488 Gorski
1652 4424 1808 4505 possidet,

252 4543 286 4595 et
309 4533 480 4613 possident
504 4532 575 4613 plus
592 4537 632 4598 de
649 4538 822 4616 extirpatis
846 4555 943 4616 quarn
967 4537 1008 4598 de
1024 4535 1140 4598 crudis.
1166 4535 1246 4598 Item
1270 4537 1498 4616 iuterrogatus,
1523 4531 1564 4594 ad
1588 4551 1685 4612 quam
1710 4531 1808 4594 eccle·

253 4643 333 4702 siam
358 4641 445 4703 dicta
469 4640 543 4702 villa
560 4641 703 4704 Vikowo
727 4663 770 4704 ex
786 4643 920 4724 antiquo
938 4645 1146 4724 pertinuisset
1163 4644 1229 4703 iure
1248 4638 1423 4721 parochiali
1447 4641 1607 4714 adiuncta,
1631 4639 1808 4720 respondit,

255 4747 342 4827 quod
375 4749 522 4828 aprima
547 4751 594 4812 sui
619 4751 775 4812 memoria
806 4750 847 4810 ad
871 4751 1040 4814 ecclesiam
1072 4752 1104 4812 in
1128 4749 1296 4812 Lachowo
1328 4748 1416 4810 etin
1440 4747 1555 4809 eadem
1580 4744 1686 4808 vlllani
1710 4747 1809 4827 perci·

254 4854 387 4935 piebant
411 4855 520 4916 omnia
543 4866 577 4918 et
601 4858 726 4936 singula
749 4869 962 4919 sacramenta.

361 4961 541 5026 Tercius
565 4967 659 5026 testis
683 4963 801 5028 nobilis
825 4963 1004 5028 Stanislaus
1028 4963 1217 5045 Cumyrsky
1241 4961 1458 5043 parochianus
1482 4958 1618 5021 ecclesie
1635 4961 1666 5020 in
1685 4957 1808 5020 Lacho-

254 5090 306 5132 wo
330 5089 489 5133 annorum
513 5071 609 5134 LX..
642 5075 862 5152 interrogatus
886 5074 927 5135 de
952 5070 1025 5135 villa
1048 5072 1200 5144 Vikowo
1225 5071 1316 5132 novit
1340 5087 1421 5130 eam.
1459 5067 1693 5147 Interrogatus,
1719 5067 1809 5128 cuius

254 5175 311 5241 fuit
335 5191 412 5241 ante
436 5199 483 5250 ea,
513 5180 695 5259 respondit:
728 5181 860 5252 ducalis,
893 5199 991 5261 quam
1014 5178 1122 5241 villam
1147 5179 1214 5240 dux
1236 5173 1405 5238 Boieslaus
1429 5183 1524 5254 pater
1547 5170 1696 5234 moderni
1719 5171 1809 5234 ducis

255 5283 396 5347 Conradi
421 5285 554 5350 donavit
588 5287 732 5351 Boruthe
757 5307 819 5350 avo
841 5289 1073 5350 modernorum
1098 5295 1253 5368 nepotum
1268 5285 1298 5368 1),
1323 5301 1460 5365 quorum
1485 5280 1616 5342 nomina
1640 5279 1811 5359 ignoravit.

256 5391 485 5474 Interrogatus,
521 5395 562 5455 ad
595 5413 691 5474 quam
724 5394 892 5457 ecclesiam
924 5393 1011 5456 dicta
1043 5391 1116 5455 villa
1147 5413 1189 5455 ex
1213 5393 1348 5472 antiquo
1380 5389 1598 5470 pertinuisset,
1633 5386 1809 5466 respondit,

256 5499 342 5579 quod
368 5501 409 5562 ad
427 5499 600 5565 ecclesiam
617 5505 649 5564 in
667 5503 843 5566 Lachowo.
867 5502 1100 5581 Interrogatus
1125 5503 1215 5562 cuius
1231 5498 1358 5561 decima
1374 5499 1416 5559 sit
1432 5496 1463 5556 in
1481 5495 1605 5566 eadem,
1630 5492 1809 5573 respondit,

366 5730 384 5797 ¹)
402 5733 467 5782 Cod.
486 5733 614 5782 modernis
633 5731 777 5797 nepotibus.
