4392 6672
446 691 486 752 3²
918 673 1010 724 ACTA
1029 671 1154 724 IUDlClI
1172 673 1309 722 ECCLES.
1329 673 1517 722 PLOCENSIS

443 895 543 948 tanco
568 886 694 966 prelato
719 888 748 946 in
775 888 847 965 ipso
871 884 1006 947 Andrea
1031 906 1147 966 penam
1174 885 1263 966 hythe
1286 887 1483 948 adiudicavit
1514 886 1748 948 exsolvendam
1774 886 1813 946 ad
1839 886 1994 946 terminos

444 995 686 1056 consuetudinis
710 995 904 1055 terrestris..

657 1187 688 1246 A
730 1187 819 1262 1468,
844 1185 921 1246 lunii
948 1201 998 1255 21,
1023 1187 1052 1244 iu
1080 1184 1246 1246 Poltowslr
1274 1187 1302 1246 in
1328 1189 1414 1248 curia
1439 1188 1624 1267 episcopali.

551 1308 612 1374 88.
637 1312 736 1390 (ricta
760 1313 858 1390 episc.
884 1310 938 1390 1)..
971 1312 1005 1370 111
1031 1324 1138 1370 castro
1164 1310 1375 1372 Polthowsko
1400 1313 1486 1392 apud
1512 1313 1664 1372 Rmurn..
1693 1312 1790 1370 dnurn
1816 1307 1992 1370 Stiborium

445 1418 481 1478 D.
511 1440 541 1496 g.
566 1421 756 1499 episcopum
784 1419 971 1477 Plocensem
997 1419 1193 1478 constitutus
1218 1419 1433 1497 personaliter
1458 1419 1574 1478 nobilis
1601 1417 1710 1478 Petrus
1741 1415 1928 1478 feodalis
1951 1416 1992 1475 de

444 1523 634 1587 Glatltczino
667 1544 854 1604 gennanum
888 1545 979 1582 sunm
1004 1522 1173 1584 Nicolaum
1206 1523 1350 1585 similiter
1382 1524 1541 1586 feodalem
1573 1525 1617 1585 ob
1642 1523 1777 1584 insultus
1809 1534 1841 1583 et
1866 1523 1993 1582 iniurias

444 1655 501 1711 per
525 1633 628 1712 ipsum
654 1631 824 1692 Nicolaum
857 1629 1040 1692 hominibus
1073 1634 1172 1709 ipsius
1196 1632 1270 1692 ltmi
1295 1635 1396 1712 patris
1429 1645 1460 1691 et
1486 1651 1596 1692 mense
1621 1651 1679 1692 sue
1702 1626 1898 1709 episcopalis
1923 1647 1992 1706 pre·

443 1739 517 1810 fate,
543 1759 625 1819 quos
651 1751 824 1820 protegere
849 1739 993 1806 deberet,
1018 1737 1123 1798 illatas
1141 1741 1349 1817 captivatum,
1375 1740 1541 1800 detentum
1566 1749 1599 1798 et
1615 1738 1710 1798 turris
1735 1735 1883 1796 custodia
1907 1754 1991 1794 man·

443 1849 583 1925 cipatum
613 1847 697 1906 cavit
730 1855 762 1904 et
787 1844 940 1904 fideiussit
972 1846 1012 1905 ad
1038 1847 1175 1923 primum
1207 1847 1307 1924 ipsius
1334 1847 1407 1906 tuni
1433 1846 1533 1926 patris
1565 1848 1594 1904 in
1621 1841 1832 1904 Poltbowsko
1865 1841 1990 1902 felicem

442 1953 617 2014 adveutum
642 1963 786 2014 statuere
811 1953 840 2011 in
866 1965 974 2012 castro
999 1962 1032 2011 et
1058 1963 1251 2028 presentare.
1281 1952 1325 2014 Et
1349 1952 1493 2031 prefatus
1518 1952 1620 2012 anus
1646 1961 1737 2027 pater
1763 1949 1877 2010 vallata
1905 1949 1991 2028 prius

442 2079 525 2139 pena
549 2057 648 2119 XXX
673 2079 908 2137 sexagenarum
942 2061 1120 2120 communis
1146 2071 1283 2126 monete,
1317 2080 1397 2138 quas
1422 2063 1521 2120 eciam
1556 2061 1719 2140 predictus
1744 2057 1856 2118 Petrus
1882 2053 1990 2117 Glatb·

442 2166 573 2244 czinslry
598 2167 683 2226 cavit
715 2179 747 2226 et
773 2165 937 2234 fideiussit,
970 2167 1057 2246 quod
1082 2165 1163 2226 infra
1187 2179 1318 2244 ternpus
1344 2169 1523 2246 predictum
1556 2167 1639 2226 idern
1665 2163 1819 2226 Nicolaus
1843 2163 1991 2223 homines

442 2274 607 2352 predictos
632 2273 707 2333 Rmi
732 2274 833 2352 patris
865 2272 905 2332 de
930 2270 1098 2334 Glatczino
1131 2294 1193 2334 non
1219 2272 1337 2334 debeat
1362 2275 1540 2354 inquietare
1573 2285 1627 2334 aut
1652 2269 1897 2352 quomodolibet
1924 2289 1990 2347 per-

441 2379 603 2440 turbare..
629 2381 767 2440 eundern
794 2379 926 2439 liberum
954 2380 1073 2439 dimisit
1097 2379 1178 2440 infra
1199 2379 1272 2439 hine
1297 2391 1329 2441 et
1347 2391 1477 2460 ternpus
1502 2381 1691 2459 predictum,
1716 2398 1780 2457 quo
1797 2377 1990 2438 adveniente

440 2485 555 2548 Petrus
581 2485 752 2546 Nicolaum
778 2497 899 2546 statuet
924 2498 957 2546 et
982 2487 1063 2547 dnus
1088 2486 1274 2566 Episcopus
1299 2508 1358 2566 pro
1384 2489 1502 2546 iniuriis
1526 2489 1585 2548 sibi
1610 2498 1642 2546 et
1668 2485 1853 2546 homiuibus
1877 2501 1990 2542 mense

440 2613 497 2654 sue
523 2592 588 2652 Ptis
612 2593 707 2654 illatis
731 2612 802 2652 cum
830 2591 944 2653 eodem
971 2593 1108 2653 Nicolao
1132 2595 1351 2673 experietur..

547 2699 726 2760 Penultima
761 2699 902 2782 Augusti
938 2701 1022 2761 idem
1058 2699 1160 2758 limus
1193 2715 1285 2779 pater
1319 2699 1477 2778 prefatum
1515 2699 1735 2760 fideiussorem
1769 2698 1808 2758 de
1834 2696 1989 2756 cautione

441 2805 585 2886 predicta
609 2807 715 2867 emisit
741 2807 886 2880 liberum;
911 2807 1115 2885 presentibus
1139 2805 1210 2866 dnis
1236 2806 1363 2881 Iacobo,
1387 2806 1563 2866 castellano
1590 2805 1861 2870 Warscboviensi‚
1886 2811 1919 2861 et
1944 2801 1989 2860 lo-

440 2912 546 2974 hanne
570 2913 738 2992 Campslry
749 2913 781 2994 ¹).

652 3105 693 3164 A.
725 3106 813 3180 1468,
839 3105 904 3165 lulii
935 3122 981 3176 12,
1007 3108 1036 3166 in
1063 3105 1246 3166 Caerwiuslr
1272 3109 1302 3164 in
1327 3109 1413 3166 curia
1438 3106 1624 3186 episcopali.

546 3227 609 3292 89.
633 3230 730 3309 (Acta
755 3229 851 3308 episc.
876 3229 931 3307 1)..
964 3229 997 3288 111
1023 3229 1232 3291 Czirwenslro
1265 3233 1294 3290 in
1320 3235 1469 3310 pomorio
1501 3234 1586 3290 curie
1610 3228 1806 3310 episcopalis
1832 3228 1988 3286 discretus

439 3335 606 3410 AlbertuS,
631 3338 792 3415 presbiter
816 3337 857 3396 de
882 3334 1081 3416 Glynnycze‚
1108 3339 1286 3416 inquirente
1312 3360 1384 3400 eurn
1411 3339 1495 3400 limo
1522 3351 1613 3416 patre
1638 3340 1703 3398 dno
1728 3336 1881 3400 Stiborio,
1907 3335 1988 3410 epis·

439 3464 525 3524 copo
551 3441 705 3519 Plocensi,
731 3463 770 3503 an
796 3443 955 3512 videlicet,
980 3456 1014 3504 ut
1040 3446 1176 3520 auditur,
1200 3445 1356 3506 ribaldurn
1382 3449 1411 3506 in
1431 3445 1548 3506 Russia
1572 3443 1796 3510 interfecisset,
1821 3439 1988 3500 coufessus

438 3560 487 3611 est
513 3570 569 3629 per
593 3571 794 3627 expressum,
820 3551 908 3629 quod
934 3572 997 3611 non
1016 3571 1111 3612 unum
1137 3552 1193 3612 sed
1212 3552 1311 3614 XXX
1335 3554 1384 3612 vel
1412 3553 1482 3632 plus
1507 3551 1783 3612 Tartarorum
1811 3565 1987 3628 pagano·

438 3677 521 3718 rum
554 3657 774 3718 interfecimus
798 3657 974 3726 unosemel,
1007 3658 1093 3738 quod
1126 3660 1196 3738 ipse
1222 3661 1324 3720 anus
1349 3673 1440 3739 pater
1473 3671 1674 3738 protestatus
1698 3667 1757 3718 est.
1798 3655 1885 3714 ldem
1911 3672 1987 3713 vero

439 3765 598 3844 presbiter
630 3776 706 3844 post
731 3766 1004 3842 protestacionem
1040 3765 1156 3827 factam
1181 3787 1273 3827 suum
1299 3787 1483 3828 sermonem
1517 3769 1561 3826 sic
1586 3786 1620 3826 se
1645 3763 1824 3844 intelligere
1848 3759 1987 3820 dicebat.

438 3871 524 3950 quod
550 3881 634 3944 tunc,
661 3873 791 3949 quando
816 3871 902 3951 apud
922 3873 1037 3933 ducem
1063 3872 1179 3934 Russie
1202 3875 1322 3934 dictum
1351 3875 1477 3953 l'yetlro
1502 3874 1654 3934 servierit.
1684 3881 1792 3948 strage
1817 3871 1899 3928 inter
1923 3864 1986 3941 Ly·

437 3979 587 4040 thwanos
613 3987 645 4038 et
670 3977 827 4039 Tartaros
853 3978 950 4044 facta,
984 3982 1054 4059 ipse
1086 3995 1120 4040 ut
1145 3981 1222 4040 dicti
1246 3981 1336 4040 ducis
1361 3980 1546 4061 capellanus
1574 3979 1698 4047 aderat,
1732 3973 1861 4052 quando
1886 3976 1987 4052 ipsius

436 4086 526 4146 ducis
554 4083 733 4161 perduelles
758 4084 857 4146 XXX
880 4097 935 4146 aut
959 4086 1041 4146 ultra
1067 4086 1222 4148 Tartarus
1247 4087 1507 4148 interfecerunt..

650 4279 691 4338 A.
722 4279 810 4354 1468,
836 4277 1033 4340 Novembris
1057 4281 1086 4353 6,
1111 4282 1140 4340 in
1168 4280 1333 4342 Poltowsk
1358 4285 1389 4342 in
1414 4284 1502 4342 curia
1525 4277 1711 4362 episcopali.

543 4399 605 4466 90.
630 4403 729 4480 (Acta
753 4405 849 4483 episc.
875 4403 930 4480 1)..
956 4403 1081 4465 Nobilis
1107 4405 1357 4467 llartholorneus
1382 4407 1423 4466 de
1442 4405 1707 4486 Grarnpczewo..
1735 4425 1794 4484 pro
1811 4401 1908 4462 fratre
1927 4419 1985 4458 suo

436 4510 501 4570 dno
528 4509 663 4569 Nicolao
687 4511 726 4569 de
744 4508 978 4590 Grampczewo
1004 4515 1151 4592 promisit
1175 4525 1293 4574 etse..
1318 4513 1474 4592 obligavit
1491 4513 1604 4574 honor.
1625 4513 1721 4573 Petro
1747 4511 1861 4570 rectori
1887 4507 1984 4568 eccle·

435 4619 481 4676 sie
506 4617 699 4696 parochialis
716 4619 747 4676 in
769 4618 967 4696 llllyschewo
992 4619 1079 4696 quod
1105 4620 1145 4679 ad
1164 4619 1278 4680 festum
1305 4641 1327 4679 s.
1347 4620 1510 4680 lllliclraelis
1536 4641 1628 4696 prox.
1645 4629 1814 4680 venturum
1840 4637 1899 4696 pro
1918 4639 1984 4694 pre·

436 4721 503 4783 fato
528 4722 624 4784 fratre
645 4744 704 4784 suo
721 4725 810 4784 dicto
827 4725 924 4786 Petro
949 4737 982 4786 et
999 4727 1135 4788 ecclesie
1153 4749 1209 4786 sne
1233 4729 1263 4786 in
1284 4728 1472 4807 blysclrewo
1498 4727 1522 4786 li
1535 4728 1607 4788 bru
1620 4748 1650 4788 m
1679 4725 1983 4806 sapientialem

435 4827 644 4889 Polonico
673 4850 868 4890 sermone
900 4833 1107 4912 scriptum
1140 4853 1226 4894 cum
1252 4834 1430 4914 glossis,
1463 4855 1558 4912 quern
1584 4835 1764 4894 abeodem
1792 4833 1886 4892 Petro
1910 4852 1983 4890 ven·

434 4935 574 4996 dendum
600 4947 777 5017 receperat,
804 4939 952 4999 restituet
976 4951 1032 4998 aut
1057 4960 1116 5018 pro
1140 4941 1256 5001 eodem
1284 4941 1315 5000 X
1331 4941 1395 5001 lior.
1416 4941 1558 5022 liungar.
1583 4942 1623 5000 ad
1648 4953 1779 5018 ternpus
1804 4941 1982 5018 predictum

435 5041 598 5121 persolvet
622 5045 682 5104 sub
707 5065 790 5125 pena
814 5047 1199 5107 excommunicacionis..

647 5237 689 5297 A.
720 5240 812 5314 1468,
838 5238 1033 5300 Novembris
1063 5242 1108 5306 16,
1133 5242 1164 5300 111
1190 5240 1400 5302 Wischltowo
1425 5245 1455 5302 in
1481 5245 1566 5302 curia
1591 5245 1779 5323 episcopali.

541 5357 603 5423 91.
629 5361 726 5438 (Acta
750 5366 848 5442 episc.
875 5365 929 5440 1)..
965 5365 1055 5425 Duus
1080 5363 1239 5426 Stiborins
1272 5367 1353 5426 inter
1386 5377 1494 5447 partes
1527 5369 1698 5430 honestum
1732 5369 1910 5438 Andream,
1942 5371 1982 5430 ab

434 5487 504 5536 una,
529 5479 561 5526 et
586 5467 758 5528 honestam
786 5470 995 5540 Dorotheam,
1021 5473 1165 5533 relictam
1192 5472 1315 5534 Mathie
1339 5475 1380 5535 de
1404 5473 1588 5542 Golcrewo,
1621 5477 1765 5555 partibus
1790 5478 1831 5538 ab
1855 5479 1973 5537 altera.

541 5694 558 5759 ¹)
579 5696 692 5759 Dopiselr
713 5707 754 5744 ten
774 5697 945 5762 umieszczony
964 5699 1042 5747 zostal
1063 5717 1094 5746 ua
1114 5702 1272 5764 marginesie.
