4458 6674
931 701 1020 754 aaut
1039 674 1116 758 1503.
1760 713 1802 782 97

245 921 400 998 reclusas;
423 918 493 984 illas
517 930 628 984 tamen
653 939 718 981 non
742 919 830 1000 legit,
855 917 914 980 sed
938 917 1067 988 audivit,
1093 916 1181 996 quod
1205 924 1317 978 essent
1341 903 1504 996 descripte
1529 915 1665 998 reliquie
1689 917 1720 977 in
1745 915 1804 978 eis·

247 1030 329 1090 dem.
355 1027 436 1092 Item
462 1029 691 1108 interrogatus,
724 1028 750 1088 si
774 1022 954 1086 Stanislaus
985 1021 1194 1086 claudebatur
1225 1043 1298 1085 curn
1324 1023 1455 1084 muliere
1480 1021 1674 1086 Thorunska
1700 1023 1730 1084 in
1754 1042 1804 1085 ec-

246 1133 323 1196 lesia
348 1135 573 1216 Radzykowo,
606 1134 766 1213 deposuit,
799 1131 887 1212 quod
911 1143 1026 1211 aperta
1050 1128 1437 1192 ecclesia‘recludebatur
1469 1128 1558 1192 solus
1582 1149 1654 1190 cum
1679 1129 1749 1192 sola
1771 1129 1803 1190 in

245 1243 390 1304 zacristia
414 1261 474 1322 per
497 1241 630 1324 longum
654 1237 869 1310 intervallum,
893 1249 927 1302 et
951 1237 1052 1300 semel
1076 1236 1139 1298 hoc
1165 1237 1243 1298 vidit
1267 1239 1391 1298 testis..

352 1345 521 1410 Secund
532 1367 577 1410 us
601 1347 703 1410 testis·
719 1345 900 1408 laboriosus
924 1343 1078 1406 Nicolaus
1094 1344 1136 1405 de
1153 1341 1369 1424 Radzykowo
1385 1342 1535 1405 Minori..
1552 1345 1803 1424 interrogatus..

246 1454 287 1515 de
312 1455 455 1537 reliquiis
480 1475 538 1535 per
553 1453 750 1516 Stanislaum
775 1451 940 1532 Clonycza
963 1453 994 1512 in
1012 1451 1230 1512 monstrancia
1248 1452 1408 1528 repositis
1433 1447 1612 1530 respondit,
1637 1449 1726 1530 quod
1744 1448 1802 1510 luit

248 1582 384 1644 presens
408 1561 467 1636 bis,
492 1562 623 1644 quando
647 1559 875 1622 revidebantur
891 1559 977 1620 dicte
995 1556 1141 1638 reliquie:
1166 1559 1303 1637 primum
1326 1577 1383 1637 per
1400 1556 1496 1618 duam
1515 1555 1800 1638 Radzykowslra..

246 1668 363 1732 deinde
395 1689 452 1750 per
476 1668 559 1730 duos
584 1667 699 1730 fratres
723 1664 939 1728 Bernardinos
971 1665 1012 1726 de
1036 1661 1148 1744 Skape
1180 1665 1220 1726 ad
1245 1665 1443 1743 peticionem
1470 1665 1522 1726 dni
1549 1663 1802 1742 Radzykowslri,

247 1777 357 1856 ibique
381 1775 477 1838 nichil
503 1776 591 1850 vidit,
622 1777 680 1836 nisi
706 1773 896 1853 panniculos
920 1773 1022 1834 lineos
1045 1771 1222 1832 admodum
1247 1781 1360 1850 turpes
1384 1782 1417 1832 et
1441 1769 1639 1834 deformes„
1663 1775 1803 1854 scripsit·

247 1903 310 1964 que
334 1883 465 1946 cedulas
498 1902 594 1944 manu
624 1900 700 1955 sua,
733 1899 814 1961 quas
846 1880 1001 1960 cognovit
1032 1879 1189 1940 minister:
1220 1877 1273 1939 hic
1296 1889 1371 1940 sunt
1403 1876 1535 1956 reliquie
1567 1899 1590 1940 s.
1615 1878 1804 1952 Katherine,

246 2009 270 2052 s.
296 1989 429 2062 Nicolai,
453 2008 477 2050 s.
504 1988 670 2050 Dorothee
695 1997 755 2050 etc.
780 1987 862 2048 Item
886 1987 1115 2066 interrogatus,
1139 1988 1164 2046 si
1183 1985 1263 2046 vidit
1288 1984 1339 2048 vel
1363 1987 1485 2047 audivit
1510 1987 1615 2063 ipsum
1639 1985 1805 2067 Clonycza

247 2116 320 2158 curn
345 2093 542 2158 Thorunslra
567 2115 602 2158 se
626 2093 780 2156 clausisse
804 2094 835 2156 in
859 2092 1004 2166 ecclesia,
1028 2094 1197 2172 respondit
1221 2113 1256 2155 se
1273 2093 1434 2154 audivisse
1458 2093 1589 2154 abonis
1613 2092 1805 2160 hominibus,

246 2201 334 2283 quod
359 2200 574 2265 claudebatur
598 2203 629 2262 in
653 2201 798 2264 ecclesia.

355 2309 538 2372 Tercius
563 2310 658 2372 testis
683 2309 840 2372 honestus
864 2307 1018 2370 Nicolaus
1042 2305 1083 2368 de
1108 2307 1323 2386 Radzykowo
1348 2307 1495 2370 Maiori..
1520 2309 1739 2390 interrogatus
1762 2307 1803 2370 de

251 2417 393 2496 reliquiis
417 2417 594 2496 respondit,
626 2416 714 2496 quod
739 2415 861 2476 audivit
884 2434 904 2476 a
927 2424 1078 2476 conteste
1102 2411 1214 2476 referri
1237 2414 1305 2488 sibi,
1338 2415 1382 2476 ita
1408 2423 1442 2477 ut
1466 2415 1536 2495 ipse
1560 2415 1720 2494 deposuit,
1745 2413 1803 2478 sed

248 2523 400 2603 deposuit
431 2543 474 2586 ex
498 2532 586 2586 certa
610 2523 761 2592 sciencia,
794 2523 869 2602 quia
895 2520 1072 2599 predicavit
1098 2520 1234 2599 publice,
1268 2520 1354 2602 quod
1387 2533 1497 2584 essent
1531 2521 1664 2602 reliquie
1696 2522 1746 2584 hic
1770 2533 1805 2586 et

249 2631 338 2710 quod
362 2629 497 2692 haberet
522 2629 717 2710 singularem
742 2629 956 2692 devocionem
981 2629 1012 2688 in
1029 2629 1076 2690 eis
1093 2637 1228 2708 propter
1244 2629 1467 2708 indulgencias
1491 2637 1524 2692 et
1540 2631 1654 2692 merita
1678 2638 1804 2692 sancto·

247 2757 326 2804 rum‚
351 2756 487 2816 quorum
513 2737 648 2816 reliquie
672 2737 867 2817 interposite
892 2738 922 2797 in
949 2735 1169 2796 monstrancia
1194 2733 1355 2797 fuerunt..

354 2841 542 2923 Quartus
567 2845 661 2904 testis
685 2841 892 2922 Augustinus
916 2843 956 2902 de
974 2841 1188 2922 Radzylowo
1206 2842 1353 2903 Maiori..
1370 2843 1589 2922 interrogatus
1605 2843 1646 2904 de
1664 2842 1804 2924 reliquiis

248 2951 400 3031 repositis
424 2951 455 3011 in
479 2950 705 3032 Radzykowo,
729 2950 908 3030 respondit,
934 2949 1021 3028 quod
1039 2947 1160 3010 audivit
1186 2950 1407 3029 predicantem
1428 2949 1563 3028 publice,
1589 2949 1678 3030 quod
1694 2961 1804 3013 essent

248 3055 383 3136 reliquie
407 3054 468 3129 hic,
500 3077 581 3136 quas
605 3077 668 3137 ego
699 3059 814 3126 inveni,
847 3056 1056 3138 plurimorum
1089 3065 1284 3124 sanctorum,
1319 3057 1408 3136 lpsas
1432 3065 1541 3118 tamen
1573 3057 1713 3137 apperiri
1738 3077 1802 3119 non

249 3163 335 3228 vidit,
360 3163 418 3224 sed
442 3161 607 3226 osculatus
624 3173 675 3226 cst
698 3165 768 3245 lpse
793 3163 984 3226 multociens
1009 3162 1155 3224 etmulti
1181 3162 1232 3223 alii
1257 3161 1452 3242 parochiani
1478 3163 1560 3226 Item
1585 3165 1804 3245 interrogatus

249 3269 290 3332 de
314 3268 518 3342 Thorunslra,
543 3270 568 3332 si
593 3269 761 3332 habuisset
785 3268 965 3332 Stanislaus
981 3268 1145 3349 Clonycza
1170 3269 1456 3332 conversacionem
1474 3289 1546 3330 curn
1564 3289 1611 3344 ea,
1636 3271 1803 3351 respondit

248 3378 350 3450 testis,
386 3377 475 3458 quod
506 3387 598 3438 certo
621 3387 779 3458 tempore,
813 3377 889 3438 dum
921 3378 1095 3438 mansisset
1127 3378 1158 3436 in
1183 3387 1292 3438 castro
1324 3377 1394 3456 ipse
1418 3373 1598 3440 Stanislaus
1631 3375 1804 3458 Clonycza,

249 3485 400 3548 veniebat
423 3484 616 3546 multociens
639 3484 726 3548 dicta
751 3483 863 3546 mulier
888 3483 1084 3544 Thorunska
1107 3484 1139 3544 in
1156 3482 1371 3562 Radzykowo
1395 3494 1428 3545 et
1452 3485 1707 3546 conversabatur
1731 3503 1804 3546 cum

249 3610 288 3652 ea
304 3589 510 3662 familiariter,
535 3591 580 3652 ita
604 3590 692 3671 quod
717 3610 780 3652 una
804 3591 926 3652 dierum
952 3591 1028 3652 dum
1054 3593 1197 3652 venisset
1221 3591 1262 3652 ad
1279 3610 1361 3654 eum.
1387 3592 1515 3670 rogavit
1539 3600 1668 3662 testem,
1693 3605 1726 3652 ut
1744 3591 1806 3652 sibi

249 3699 279 3760 in
302 3695 437 3760 holodio
461 3708 598 3760 stratum
624 3695 754 3772 iaceret,
779 3698 821 3760 ibi
839 3698 968 3760 demisit
993 3717 1050 3776 per
1067 3689 1241 3760 fenestram
1259 3699 1301 3759 de
1316 3708 1425 3760 castro
1443 3698 1637 3760 lectisternia
1661 3707 1694 3760 et
1710 3700 1805 3760 testis

248 3805 362 3866 stravit
387 3804 446 3866 sibi
470 3803 589 3866 lectum
614 3807 643 3865 in
669 3803 811 3875 holodio,
836 3814 869 3866 et
893 3804 935 3864 ibi
960 3805 1165 3884 pernoctavit
1190 3825 1262 3866 curn
1287 3806 1374 3866 dicta
1398 3805 1539 3868 muliere.
1564 3803 1645 3868 Item
1671 3806 1804 3866 interro·

248 3921 353 3990 gatus,
378 3920 484 3972 utrum
503 3909 730 3974 recludebatur
746 3931 818 3973 cum
837 3932 875 4010 ea
892 3914 923 3974 in
941 3913 1097 3982 sacristia,
1123 3911 1300 3993 respondit,
1327 3913 1414 3992 quod
1432 3913 1478 3973 sic
1494 3923 1526 3974 et
1542 3913 1584 3974 ibi
1603 3911 1803 3992 epulabatur.

464 4103 506 4166 A.
535 4116 627 4184 1503,
652 4103 719 4166 Iulii
745 4119 796 4182 27,
821 4105 851 4166 in
877 4101 1008 4168 Gorzno
1033 4107 1063 4166 in
1088 4107 1174 4166 curia
1199 4103 1384 4186 episcopali.

356 4221 446 4292 233.
477 4225 575 4306 (Acta
599 4229 698 4308 episc.
724 4227 830 4309 Vlll..
862 4227 981 4290 Rmo..
1014 4229 1080 4290 dno
1104 4228 1285 4292 Vincencio
1318 4230 1356 4292 D.
1381 4253 1410 4310 g.
1435 4233 1593 4312 episcopo
1626 4230 1804 4307 Plocensi.¹

248 4335 409 4396 iudicante
433 4352 627 4415 comparens
652 4354 733 4413 mgr.
750 4332 928 4398 Stanislaus
953 4334 1183 4408 Darnbrowka‚
1209 4348 1400 4416 procurator
1424 4338 1526 4406 ollicii,
1552 4350 1665 4402 contra
1689 4343 1805 4404 discre-

247 4451 316 4502 tum
341 4438 538 4502 Stanislaurn
571 4439 737 4520 Clonycza
769 4453 927 4504 assertum
965 4443 1180 4523 presbiterum
1213 4444 1254 4505 de
1287 4443 1457 4506 Ploczka..
1493 4447 1663 4525 proposuit
1695 4446 1804 4520 verbo,

249 4546 417 4626 quomodo
441 4549 544 4629 ipse..
569 4549 686 4628 ingerit
710 4568 745 4609 se
774 4550 805 4608 in
831 4549 1147 4611 administracionem
1173 4547 1308 4612 ecclesie
1333 4550 1525 4629 parochialis
1550 4555 1579 4614 in
1605 4551 1728 4631 Plonye
1753 4573 1808 4614 va·

248 4655 353 4716 cantis
377 4673 436 4735 per
460 4653 726 4718 interleccionem
753 4654 880 4732 plebani
905 4656 936 4716 in
961 4655 1080 4718 ibidem
1104 4654 1240 4736 illicque.
1266 4667 1373 4719 stante
1397 4657 1569 4720 interdicto
1594 4679 1654 4740 pro
1677 4659 1805 4740 prefato

249 4759 392 4842 plebano
415 4761 588 4826 interfecto
612 4763 793 4843 supposito,
819 4763 927 4824 divina
951 4764 1054 4824 eciam
1078 4783 1186 4824 coram
1212 4767 1503 4827 excommunicatis
1528 4765 1681 4836 celebrat,
1706 4769 1806 4828 immo

248 4869 355 4932 verius
378 4867 563 4950 prophanat
588 4877 621 4930 et
645 4879 885 4932 sacramentum
911 4870 1077 4946 ministrat,
1104 4882 1220 4948 petens
1243 4872 1348 4950 ipsum
1366 4872 1398 4932 in
1414 4891 1516 4952 penas
1540 4893 1556 4932 a
1576 4875 1643 4934 iure
1666 4881 1806 4936 statutas

250 4975 401 5038 incidisse
426 4975 616 5038 declarari..

358 5076 447 5148 234.
472 5081 653 5162 (Ιῦἰάεῐη),.
679 5081 867 5146 Generosus
891 5084 973 5146 dnus
997 5083 1153 5146 Nicolaus
1176 5086 1216 5145 de
1243 5085 1450 5156 Radzikowo,
1476 5085 1672 5148 castellanus
1695 5085 1806 5167 Rippi·

250 5190 367 5258 nensis
392 5190 497 5270 ipsum
515 5187 711 5253 Stanislaum
729 5188 901 5269 Clonycza,
927 5192 1143 5270 presbiterum
1162 5203 1358 5271 presentem.
1385 5191 1573 5255 iudicialiter
1590 5193 1805 5267 denunciavit,

252 5297 420 5375 quomodo
444 5297 514 5376 ipse
539 5296 570 5358 in
595 5296 734 5358 ecclesia
758 5296 959 5358 Radzikowo
982 5299 1150 5360 involvens
1175 5302 1207 5360 in
1224 5297 1413 5378 panniculos
1437 5299 1516 5361 satis
1540 5309 1653 5382 turpes
1677 5311 1710 5362 et
1736 5320 1806 5380 pro·

251 5399 377 5481 phanas
408 5403 439 5462 in
463 5404 598 5466 sericum
631 5401 711 5464 alias
735 5402 896 5466 avltlratlau
930 5407 1038 5484 posuit
1070 5425 1130 5484 pro
1155 5405 1295 5486 reliquiis
1327 5417 1359 5466 et
1384 5406 1565 5485 predicavit
1598 5426 1685 5485 pure,
1718 5407 1805 5486 quod

253 5519 366 5570 essent
390 5508 524 5589 reliquie
548 5528 632 5570 nunc
656 5522 841 5590 apportate,
866 5533 928 5590 que
950 5531 1112 5591 nunquam
1138 5512 1266 5575 luerunt
1290 5513 1321 5573 iu
1338 5512 1401 5574 hoc
1418 5511 1498 5579 loco.
1525 5513 1613 5592 quod
1631 5513 1805 5579 visitarent.

252 5613 437 5679 oscularent
461 5626 496 5679 et
519 5616 679 5680 haberent
703 5615 901 5698 singularem
925 5618 1137 5680 devocionem
1162 5618 1357 5698 osculorum.

359 5747 415 5786 aa.
428 5743 580 5786 aalma..
596 5745 632 5785 111.
1666 5741 1700 5794 13
