4458 6674
949 670 1038 721 ANNI
1056 669 1133 725 1506.
1753 690 1813 758 107

1403 766 1500 773 -—..-
1523 769 1695 776 ..-—..--

368 880 473 942 Prim
484 901 529 944 us
551 881 645 942 testis
665 877 782 943 nobilis
798 880 953 944 Nicolaus
970 882 1123 944 Miluna..
1149 886 1322 946 summarie
1338 883 1500 966 deposuit,
1526 886 1662 967 qualiter
1677 900 1813 952 venerat

262 991 303 1054 ad
329 990 495 1052 Andream
528 986 776 1070 Ponykyevslcy
807 1009 878 1050 cum
906 988 1062 1060 filiosuo,
1096 991 1149 1070 qui
1173 991 1286 1054 debuit
1316 995 1482 1071 sponsalia
1515 995 1707 1060 contrahere
1739 1015 1812 1056 cuin

262 1096 468 1178 Margaretha
493 1095 534 1156 de
559 1094 797 1175 Nyeszyebadi‚
831 1105 929 1176 prout
952 1099 1123 1167 contraxit,
1154 1107 1187 1159 et
1211 1100 1257 1160 sic
1280 1100 1474 1162 intrantibus
1498 1102 1529 1162 in
1553 1102 1681 1162 stubam
1707 1101 1813 1163 albam

262 1206 406 1286 positum
430 1213 480 1266 est
504 1211 652 1282 tapetum
683 1204 857 1263 interram
890 1212 965 1264 ante
990 1204 1133 1266 tabulam
1160 1225 1216 1265 seu
1241 1225 1385 1268 mensam
1420 1219 1453 1270 et
1478 1219 1554 1286 post
1578 1227 1723 1269 mensam
1749 1207 1817 1288 pul·-

262 1314 352 1374 vinar
375 1310 454 1372 alias
478 1309 652 1390 vesglovye,
675 1308 861 1388 ibidemque
886 1309 968 1371 dnus
993 1309 1109 1372 Paulus
1132 1321 1263 1373 curatus
1287 1315 1317 1372 in
1343 1313 1455 1374 Rozan
1479 1325 1615 1394 accepta
1640 1313 1723 1376 stola
1741 1315 1814 1376 lecit

263 1421 370 1482 venire
388 1416 523 1498 puellas,
548 1417 658 1496 quein
676 1435 803 1476 camera
828 1425 920 1478 erant
944 1416 1068 1488 flentes,
1093 1418 1316 1490 lamentantes,
1342 1431 1375 1481 et
1393 1422 1437 1482 sic
1455 1423 1582 1481 interim
1608 1421 1815 1500 Margaretha

262 1528 363 1589 exivit
386 1535 418 1587 et
442 1524 539 1586 Anna
564 1535 733 1586 recusante
757 1524 845 1586 exire
870 1522 911 1584 de
935 1543 1072 1598 camera,
1097 1544 1170 1584 cum
1195 1525 1279 1584 illam
1305 1527 1425 1587 dudum
1450 1528 1653 1606 spectabant,
1679 1531 1815 1588 intrave-

263 1642 336 1695 runt
360 1631 426 1694 duo
450 1629 605 1704 avunculi,
629 1627 780 1692 videlicet
804 1630 956 1692 Andreas
980 1642 1012 1692 et
1029 1629 1207 1704 Abraham,
1233 1641 1265 1694 et
1281 1634 1398 1694 ibidem
1425 1645 1518 1695 erunt
1535 1653 1657 1696 uxores
1680 1632 1814 1708 illorum,

264 1743 318 1822 qui
341 1758 456 1802 omnes
481 1757 552 1798 eam
576 1738 776 1816 castigantes
807 1747 1036 1817 percusserunt
1067 1747 1101 1800 et
1124 1737 1341 1818 expellebant,
1374 1750 1407 1801 ut
1432 1741 1556 1801 veniret
1588 1741 1629 1802 ad
1653 1740 1816 1820 Margare-

262 1847 361 1921 tham,
393 1865 456 1925 que
479 1844 701 1924 copulabatur,
733 1843 812 1905 alias
836 1864 868 1905 w
891 1843 1043 1924 dmrhny,
1075 1865 1138 1925 que
1162 1864 1234 1906 cum
1261 1845 1362 1906 noluit
1386 1847 1482 1916 exire,
1515 1866 1645 1908 causam
1678 1847 1817 1908 sciencie

263 1955 378 2028 reddit,
402 1955 476 2032 quia
499 1951 588 2018 vidit,
613 1951 700 2032 quod
724 1959 815 2014 trusa
838 1963 889 2014 est
912 1971 971 2032 per
992 1972 1050 2014 eos
1074 1953 1115 2012 de
1138 1971 1274 2026 camera,
1300 1953 1389 2032 quod
1412 1953 1526 2014 recidit
1549 1965 1627 2033 post
1650 1952 1815 2014 fornacem

263 2073 296 2123 et
313 2061 443 2122 demum
467 2059 609 2120 adducta
632 2077 691 2139 per
707 2057 876 2120 Andream
900 2057 1092 2120 avunculum
1117 2069 1151 2120 et
1168 2058 1432 2121 Bartholomeum
1458 2058 1673 2140 Skroboczky
1694 2068 1817 2121 statuta

263 2187 364 2250 penes
389 2165 645 2246 Margaretham,
677 2185 740 2244 que
766 2176 904 2244 protunc
935 2166 1157 2244 copulabatur.
1197 2165 1240 2226 Et
1265 2177 1342 2227 tunc
1366 2166 1449 2228 dnus
1474 2166 1590 2228 Paulus
1622 2175 1751 2227 curatus
1775 2166 1817 2226 de

264 2279 377 2340 Rozan
401 2293 475 2334 cuin
498 2274 562 2334 iam
586 2270 752 2351 copulavit
775 2271 1025 2353 Margaretham,
1050 2273 1178 2334 vocavit
1203 2271 1333 2334 Petrum
1357 2272 1602 2353 Choynowsky,
1628 2274 1682 2351 qui
1706 2273 1817 2334 statim

263 2383 409 2456 accessit,
425 2389 459 2442 et
472 2381 518 2442 sic
530 2377 661 2441 volente
677 2377 829 2458 copulare
842 2377 940 2440 Anna
953 2377 1055 2440 noluit
1072 2380 1280 2460 respondere,
1298 2381 1356 2440 sed
1369 2379 1466 2442 flebat
1479 2381 1678 2442 amarissime
1694 2379 1817 2440 dicens:

264 2490 349 2572 Quid
372 2488 436 2550 hoc
461 2486 556 2547 michi
582 2485 694 2558 facitis,
718 2486 833 2565 pocius
856 2505 909 2546 me
933 2484 1145 2562 interficiatis;
1177 2486 1308 2547 demum
1332 2496 1512 2567 spectante,
1538 2497 1572 2548 ut
1595 2485 1818 2566 responderet,

263 2597 416 2678 deposuit
439 2594 543 2664 testis,
568 2593 656 2672 quod
672 2601 762 2654 stans
779 2591 898 2654 ibidem
924 2611 990 2653 non
1005 2593 1128 2653 audivit
1151 2611 1223 2654 eam
1240 2593 1496 2672 respondentem
1521 2593 1652 2673 aliquod
1672 2591 1817 2668 verbum,

264 2705 323 2767 sed
339 2702 491 2765 mulieres
507 2700 661 2762 dicebant
684 2698 839 2779 plebano:
865 2697 1016 2780 Copules,
1040 2699 1219 2781 respondit.
1243 2699 1348 2762 Matre
1373 2701 1517 2762 similiter
1533 2699 1638 2772 flente,
1663 2699 1737 2779 quia
1761 2718 1819 2779 per

263 2813 327 2874 vim
352 2819 385 2872 et
409 2811 478 2870 sine
503 2807 672 2868 voluntate
696 2826 754 2867 sua
777 2817 809 2870 et
827 2805 890 2868 filie
914 2805 1063 2868 avunculi
1088 2805 1218 2880 iaciunt,
1243 2816 1278 2868 ut
1302 2807 1472 2888 copuletur
1496 2807 1557 2870 filia
1582 2827 1648 2870 sua.
1672 2807 1717 2869 Et
1740 2815 1818 2867 tunc

264 2917 422 2998 plebanus
438 2925 575 2978 matrem
592 2914 775 2994 obiurgavit
792 2923 824 2974 et
841 2914 1028 2992 increpavit,
1046 2913 1157 2975 dicens
1172 2912 1384 2994 aliquociens:
1402 2913 1511 2988 Bydlo.
1526 2912 1671 2977 Ulterius
1682 2915 1817 2976 nescit..

370 3021 593 3086 Secundus
616 3021 710 3083 testis
726 3019 845 3082 nobilis
860 3019 1110 3083 Bartholomeus
1134 3022 1175 3084 de
1192 3018 1432 3102 Slrrobodzyno
1444 3069 1466 3082 ..
1484 3021 1669 3101 deposuit..
1687 3020 1818 3102 quando

263 3131 459 3196 consobrina
483 3149 541 3192 sua
564 3127 642 3190 alias
664 3127 892 3208 szyestraanka
925 3127 1036 3191 debuit
1060 3127 1269 3208 desponsari,
1293 3130 1364 3209 ipse
1388 3131 1480 3192 testis
1504 3149 1577 3190 cum
1601 3127 1762 3190 avunculo
1786 3128 1818 3188 in

264 3241 377 3302 Rozan
402 3236 553 3298 dixerunt
577 3235 685 3316 puelle
709 3234 807 3296 Anne
830 3233 1109 3298 Mlodosthowna:
1141 3235 1261 3315 Equita
1285 3236 1452 3298 nobiscum
1477 3238 1509 3296 in
1532 3235 1733 3316 Ponykyew,
1757 3235 1820 3296 eris

264 3367 337 3409 mee
360 3343 556 3418 consobrine
580 3341 746 3417 druchna,·
768 3351 802 3404 et
818 3341 1120 3424 ipsaintelligebat,
1147 3343 1235 3424 quod
1260 3344 1330 3422 ipse
1354 3342 1465 3404 debuit
1490 3342 1588 3405 fuisse
1605 3343 1656 3417 ibi,
1680 3342 1731 3402 cui
1746 3361 1818 3402 eam

264 3454 482 3537 promiserunt
498 3449 699 3532 desponsari,
723 3459 756 3512 et
772 3451 818 3511 sic
833 3449 1005 3512 recusabat
1029 3450 1188 3530 equitare;
1212 3449 1374 3511 avunculo
1391 3451 1532 3512 dicente:
1559 3447 1730 3530 Dyabolus
1747 3467 1818 3510 eam

264 3559 407 3643 rogabit;
431 3559 526 3620 etsie
543 3558 680 3637 pervim
705 3567 739 3618 et
755 3557 913 3618 violenter
937 3555 1013 3619 fecit
1033 3576 1105 3618 earn
1130 3558 1307 3618 ascendere
1333 3557 1364 3617 in
1381 3575 1507 3618 currum
1531 3557 1573 3618 ad
1589 3565 1722 3635 testern3
1745 3574 1818 3616 curn

263 3669 327 3730 iarn
343 3666 389 3728 ibi
404 3674 497 3728 erant
514 3664 544 3724 in
562 3661 753 3744 Ponylryev,
769 3663 854 3724 dnus
870 3662 1030 3743 plebanus
1054 3663 1227 3738 mandavit,
1251 3673 1287 3725 ut
1303 3673 1462 3744 ponerent
1486 3673 1631 3742 tapetem
1651 3663 1682 3722 in
1700 3672 1819 3723 terram
1912 3695 1917 3706 ·

263 3784 340 3838 ante
365 3791 509 3834 mensam
533 3780 566 3833 et
582 3771 745 3850 accipiens
761 3755 1026 3832 stolam'vocavit
1043 3789 1099 3832 eas
1116 3771 1156 3832 de
1172 3789 1309 3842 camera,
1334 3782 1368 3833 ut
1385 3769 1561 3850 copularet,
1578 3779 1612 3830 et
1629 3769 1675 3830 sic
1693 3769 1820 3850 Marga-

263 3881 356 3943 retha
380 3880 482 3941 exivit
506 3888 539 3940 et
556 3877 656 3939 Anna
678 3877 743 3938 ullo
767 3877 867 3939 modo
891 3876 992 3938 voluit
1015 3875 1103 3946 flens,
1129 3877 1277 3939 manibus
1300 3876 1495 3959 frangendo;
1519 3885 1595 3938 tunc
1618 3877 1819 3936 intraverunt

264 3986 412 4048 avunculi
443 3993 476 4047 et
501 3984 545 4046 sic
570 3993 727 4062 ceperunt
751 4003 823 4044 earn
849 3992 1040 4062 percuttere.
1082 3981 1163 4045 Cum
1188 3984 1309 4046 audivit
1333 3985 1435 4054 testis,
1469 3982 1556 4063 quod
1581 4001 1652 4044 eam
1677 3982 1818 4042 maxime

265 4095 462 4176 percuciunt,
486 4092 576 4154 irruit
600 4091 631 4152 in
648 4109 810 4152 cameram
836 4101 869 4153 et
893 4091 976 4152 dixit
1000 4093 1057 4152 eis:
1084 4089 1160 4172 quid
1185 4092 1325 4153 melioris
1346 4077 1468 4166 ‘facitts;
1492 4099 1525 4152 et
1536 4090 1588 4151 sic
1603 4090 1730 4168 accepit
1746 4106 1818 4148 eam

265 4223 323 4284 per
346 4219 442 4262 unam
475 4218 605 4260 manum
637 4209 671 4260 et
695 4198 815 4260 levavit
846 4195 932 4259 illam
966 4208 999 4260 et
1024 4197 1177 4260 Andreas
1208 4199 1383 4260 avunculus
1414 4217 1474 4278 per
1504 4196 1599 4258 aliam
1630 4203 1819 4256 manumet

265 4310 471 4371 adduxerunt
487 4325 589 4387 penes
606 4304 857 4384 Margaretham,
880 4323 943 4384 que
959 4303 1181 4384 copulabatur.
1206 4305 1288 4368 Cum
1305 4307 1368 4366 iam
1386 4302 1550 4384 copulavit
1567 4301 1818 4383 Margaretham,

265 4417 346 4478 dixit
370 4413 430 4476 sibi
455 4413 621 4494 plebanus,
654 4421 688 4474 ut
713 4413 783 4492 ipsa
808 4412 909 4472 eciam
934 4411 1147 4491 respondean
1179 4432 1242 4492 que
1266 4413 1342 4472 dum
1368 4411 1470 4472 noluit
1494 4411 1702 4491 respondere,
1727 4409 1819 4487 spici·

266 4523 406 4604 gabatur
429 4539 488 4602 per
511 4518 661 4580 mulieres
686 4539 806 4581 uxores
830 4517 1062 4580 avunculorum
1087 4519 1163 4589 eius,
1188 4527 1223 4580 ut
1239 4520 1461 4600 responderet.
1485 4518 1566 4580 Cum
1592 4517 1750 4598 plebanus
1766 4535 1819 4578 vo·

264 4630 321 4692 luit
338 4627 513 4700 discedere,
537 4625 689 4686 dicebant
705 4625 757 4688 ille
774 4625 937 4687 mulieres:
962 4625 1028 4685 lam
1046 4625 1224 4706 respondit,
1249 4625 1311 4686 dne
1328 4624 1476 4706 plebane,
1501 4623 1667 4704 copuletis.
1691 4623 1817 4686 Tamen

264 4737 358 4798 testis
381 4753 446 4796 non
472 4733 594 4794 audivit
617 4751 687 4794 eam
713 4733 968 4813 respondentem
993 4730 1124 4812 aliquod
1148 4733 1292 4805 verbum,
1325 4732 1444 4794 solum:
1474 4731 1526 4794 Ve
1550 4731 1646 4792 michi
1670 4741 1703 4793 et
1720 4751 1820 4812 gorze

265 4863 364 4923 mnye,
388 4841 503 4922 pocius
526 4839 724 4901 abscindatis
748 4838 843 4901 michi
868 4839 985 4900 collum
1011 4849 1045 4900 et
1068 4837 1268 4901 interficiatis
1293 4859 1377 4900 me..

371 4949 552 5010 Tercius
574 4948 669 5008 testis
692 4944 871 5008 Stanislaus
896 4947 935 5007 de
953 4944 1126 5009 Omolva..
1150 4947 1311 5026 deposuit,
1337 4944 1424 5026 quod
1446 4955 1515 5007 erat
1535 4956 1668 5026 rogatus
1684 4963 1743 5024 per
1759 4943 1785 5003 F
1788 4963 1818 5005 e

265 5055 357 5118 licem
382 5053 532 5134 Zalasliy,
557 5063 592 5114 ut
609 5055 735 5116 veniret
758 5054 897 5125 adeum,
922 5063 955 5114 et
972 5055 1093 5115 invenit
1118 5072 1191 5114 eum
1209 5052 1351 5114 Felicem
1377 5055 1407 5112 in
1425 5053 1548 5126 Rozan,
1573 5063 1649 5112 tunc
1666 5049 1818 5112 Andreas

265 5161 522 5244 Ponyiryewsky
546 5163 672 5240 rogavit
696 5161 815 5220 ibidem
841 5163 870 5219 in
889 5160 1026 5221 ecclesia
1050 5160 1173 5231 ambos,
1198 5171 1233 5221 ut
1250 5160 1395 5220 venirent
1419 5179 1492 5218 curn
1517 5159 1563 5219 eis
1580 5159 1611 5218 in
1628 5155 1817 5238 Ponykyew

266 5279 403 5351 propter
426 5269 509 5329 hanc
534 5287 674 5342 causam,
699 5269 774 5347 quia
798 5268 873 5327 volo
897 5268 1048 5328 maritare
1074 5263 1325 5350 [consobrinam]
1350 5285 1456 5326 meam
1482 5263 1560 5327 alias
1582 5263 1817 5344 scyeslrannka.

266 5377 348 5439 Cum
372 5377 437 5436 iam
461 5383 529 5435 crat
554 5383 630 5453 post
654 5374 788 5453 prandia
812 5373 931 5434 ibidem
956 5375 987 5434 in
1005 5372 1195 5454 Ponykyew
1221 5375 1304 5432 inter
1328 5371 1513 5434 locuciones
1536 5373 1577 5432 ad
1594 5371 1733 5452 puellam
1752 5371 1817 5431 An-

265 5502 340 5544 nam
364 5489 567 5542 recusantem
599 5482 740 5542 maritari
773 5501 846 5541 curn
879 5480 975 5542 Petro
1000 5480 1245 5561 Choynowslry,
1277 5491 1381 5541 mater
1405 5480 1503 5540 Anna
1535 5480 1660 5559 rogavit
1689 5489 1817 5551 testem,

265 5600 300 5652 ut
324 5589 447 5652 diceret
471 5588 530 5649 sibi
557 5586 706 5648 videlicet
730 5586 827 5649 Petro
852 5587 1098 5668 Choynowsky,
1124 5587 1212 5666 quod
1236 5597 1380 5648 cessaret
1404 5587 1446 5646 ab
1469 5585 1529 5646 hac
1546 5605 1588 5656 re,
1613 5587 1686 5664 quia
1712 5583 1818 5665 puella

265 5695 431 5758 ullomodo
455 5695 521 5757 vult
546 5695 677 5756 adeum
703 5697 895 5766 consentire,
920 5704 953 5758 et
970 5693 1045 5754 iecit
1069 5695 1185 5758 dicere.
1211 5695 1297 5775 quod
1322 5693 1376 5754 tibi
1403 5693 1527 5753 solvam
1553 5711 1667 5752 omnes
1692 5691 1817 5770 fatigas,
