4458 6674
825 706 1004 757 ANNORUM
1026 703 1210 760 thoi-thoe.
1733 727 1791 791 103

244 799 332 806 μ,-
353 799 486 806 --.-.--
507 797 652 806 --ι-ι-ι-

243 919 376 1000 lowycz,
399 919 474 1002 lego
498 929 531 980 et
555 919 598 982 do
622 921 714 981 uxori
739 939 811 981 mee
836 919 977 981 Polonie.
1002 920 1084 983 Item
1109 919 1141 981 V
1157 941 1202 1000 gr.
1228 921 1268 982 ad
1285 919 1461 982 Iohannem
1479 919 1520 981 de
1537 921 1703 1006 Pomasky
1718 923 1793 1006 Iego

242 1035 275 1088 et
300 1027 342 1088 do
373 1027 415 1088 ad
439 1027 614 1107 obsequias
645 1028 750 1088 anime
775 1047 855 1088 mee.
895 1025 975 1088 Item
1008 1026 1093 1107 apud
1126 1027 1268 1088 nobilem
1301 1026 1433 1088 Paulum
1463 1027 1662 1110 Budzynsky
1685 1028 1792 1092 habeo

243 1152 441 1213 sexagenum
467 1137 497 1194 In
516 1134 630 1195 mediis
655 1155 709 1213 gr,
735 1154 831 1213 quam
857 1133 931 1214 lego
956 1143 989 1194 et
1012 1135 1055 1195 do
1073 1135 1176 1195 sorori
1202 1155 1273 1195 mee
1300 1131 1438 1216 Hedvigi
1464 1137 1495 1195 In
1512 1136 1636 1216 oppido
1662 1135 1793 1198 Makow

242 1251 275 1302 et
300 1241 361 1302 hoc
387 1243 414 1302 ci
439 1239 515 1320 lego
540 1251 572 1302 et
589 1241 632 1302 do
658 1262 700 1302 ex
718 1259 789 1302 mea
816 1241 901 1301 bona
925 1241 1100 1302 voluntate.
1125 1240 1207 1302 Item
1232 1241 1448 1303 hereditatem
1473 1261 1579 1303 meam
1604 1261 1676 1304 cum
1694 1245 1793 1305 omni·

243 1347 303 1408 bus
328 1348 423 1408 rebus
449 1347 621 1409 mobilibus
653 1361 686 1410 et
710 1347 936 1422 immobiIIbus,
973 1349 1153 1427 pecoribus
1186 1349 1372 1427 pecudibus,
1405 1351 1498 1430 agris,
1531 1352 1633 1432 pratIs
1664 1361 1792 1414 etcum

242 1454 392 1514 omnibus
410 1453 608 1520 utilitatibus,
630 1457 848 1534 proventibus,
873 1455 1118 1534 quibuscunque
1136 1455 1319 1517 nominibus
1343 1467 1577 1538 nuncupentur,
1602 1457 1677 1538 lego
1701 1469 1734 1520 et
1751 1458 1793 1518 do

242 1560 393 1621 iratribus
417 1563 497 1622 meis
520 1565 683 1642 germanis
709 1561 868 1624 videlicet:
893 1561 1036 1634 Iohanni,
1063 1561 1198 1624 Nicolao
1222 1563 1263 1624 de
1287 1563 1469 1643 Modzelye,
1493 1573 1526 1624 et
1550 1585 1680 1625 sorores
1704 1585 1794 1626 meas

242 1669 407 1729 videlicet:
432 1670 625 1748 Magretam‚
650 1667 832 1747 Hedvigim,
857 1689 1013 1730 removeo
1037 1669 1116 1730 alias
1140 1669 1313 1748 oddulyarn
1345 1671 1386 1731 ab
1411 1669 1471 1730 hac
1489 1671 1684 1746 hereditate,
1718 1674 1793 1754 quia

243 1777 305 1836 iam
329 1777 407 1836 satis
431 1777 478 1837 eis
502 1775 560 1837 feci
584 1795 656 1836 cum
681 1775 832 1838 iratribus
857 1778 937 1836 meis
961 1775 1163 1856 supradictis.
1188 1775 1266 1836 Item
1293 1775 1386 1838 XVII
1411 1798 1455 1858 gr.
1481 1778 1522 1838 ad
1546 1777 1686 1838 nobilem
1712 1777 1794 1839 Lau-

243 1885 384 1944 rencium
408 1883 449 1944 de
475 1881 646 1960 Modzelye
671 1883 746 1962 lego
777 1893 811 1945 et
834 1883 878 1944 do
902 1882 941 1942 ad
967 1883 1149 1963 obsequias
1184 1883 1262 1944 Item
1287 1883 1365 1945 alias
1390 1886 1552 1964 pecunias.
1584 1904 1664 1965 quas
1689 1883 1793 1947 habeo

243 1991 273 2050 in
299 1989 381 2051 libro
404 1992 549 2051 terrestri
575 1991 766 2051 reformatas
790 1989 867 2051 allas
882 2001 1102 2068 sapruwyune,
1128 1991 1202 2070 lego
1227 2003 1258 2052 ct
1277 1989 1320 2051 do
1344 1991 1385 2053 ad
1401 1992 1575 2072 obsequias
1599 1993 1705 2053 anime
1723 2013 1794 2054 mee

243 2106 276 2156 et
300 2097 401 2176 patris
425 2106 458 2158 et
482 2097 602 2158 matris,
626 2097 707 2158 Item
733 2096 773 2157 de
791 2095 970 2158 hereditate
995 2117 1066 2157 mea
1092 2097 1167 2177 lego
1192 2107 1224 2158 et
1242 2096 1284 2158 do
1301 2097 1348 2158 IV
1364 2115 1545 2177 sexagenas
1570 2099 1599 2158 iu
1618 2100 1731 2161 mediis
1747 2121 1794 2181 gr.

244 2199 369 2264 filiabus
402 2203 609 2285 Gnyewosch
646 2215 679 2265 et
712 2205 792 2266 mels
817 2201 1011 2264 filiastrabus
1044 2201 1345 2284 Olszynowyczam,
1381 2205 1539 2268 videlicet:
1577 2203 1794 2288 Margarethe‚

242 2309 390 2392 HedvIgi,
416 2310 567 2378 Barbare,
592 2311 699 2381 Anne,
724 2309 912 2378 Katherine,
939 2309 1115 2380 Dorothee,
1139 2309 1266 2384 Ursule,
1291 2319 1324 2371 et
1348 2311 1426 2372 istas
1451 2309 1498 2373 IV
1522 2305 1705 2394 sexagenas
1729 2333 1793 2374 non

242 2414 335 2476 simul
367 2429 400 2479 et
424 2417 524 2479 semel
548 2417 670 2480 debent
702 2419 748 2479 eis
772 2418 908 2490 solvere,
940 2417 997 2478 sed
1022 2417 1242 2498 principaliter
1273 2418 1466 2490 senioribus,
1499 2419 1628 2480 demum
1661 2421 1729 2481 aliis
1753 2419 1793 2481 ad

242 2525 472 2588 dIscrecionem
491 2545 656 2588 annorum.
683 2525 761 2587 Item
779 2525 909 2587 fratrem
927 2543 1034 2585 meum
1052 2525 1182 2585 nomine
1201 2523 1410 2604 Gnyewosch
1427 2543 1581 2586 removeo
1605 2526 1682 2588 alias
1697 2525 1794 2586 odda·

241 2632 327 2710 lyam
351 2633 393 2693 ab
410 2634 470 2694 hac
493 2631 683 2700 hereditate.
709 2634 782 2712 quia
798 2634 861 2693 iam
879 2633 957 2694 satis
974 2634 1003 2693 ei
1020 2631 1080 2692 ieci
1104 2643 1137 2693 et
1155 2631 1295 2711 persolvi
1319 2651 1455 2692 unacum
1482 2635 1715 2712 prenominatis
1739 2632 1795 2694 Ira·

223 2741 343 2801 ‘tribus
360 2745 446 2802 meis.
474 2739 558 2802 Acta
576 2749 651 2802 sunt
666 2739 727 2801 hec
744 2741 774 2800 in
792 2739 891 2800 domo
908 2740 1075 2800 testatoris
1091 2759 1200 2799 coram
1218 2739 1379 2800 nobilibus
1397 2739 1537 2802 Martino
1555 2737 1794 2819 Kownaczsky,

243 2845 382 2908 Alberto
398 2848 440 2908 de
459 2846 629 2928 Modzelye
647 2848 707 2908 sub
723 2847 815 2908 annis
839 2847 971 2908 eisdem.
996 2843 1115 2907 Amen.
1140 2845 1213 2926 Ego
1238 2845 1379 2907 Mathias
1403 2847 1538 2908 vicarius
1562 2845 1795 2908 Makowiensis

242 2954 302 3016 hec
325 2956 433 3015 omnia
457 2955 676 3034 suprascripta
701 2973 837 3015 unacum
863 2954 1000 3016 testibus
1024 2955 1129 3016 audivi
1154 2963 1188 3014 et
1212 2971 1307 3014 manu
1334 2955 1465 3032 propria
1489 2973 1540 3014 me
1564 2945 1793 3033 subscripsi'iu

242 3059 339 3122 fidem
365 3063 507 3122 omnium
533 3071 565 3124 et
583 3061 782 3141 singulorum
807 3073 840 3122 et
857 3062 1077 3122 testimonium
1104 3061 1333 3141 predictorum.
1358 3059 1564 3122 Executores
1587 3060 1680 3121 huius
1698 3070 1794 3122 testa·

242 3169 341 3229 menti
366 3171 491 3247 accipio
515 3168 609 3230 michi
635 3168 749 3229 fratres
773 3187 947 3246 germanos
971 3167 1162 3237 Iohannem,
1197 3165 1365 3228 Nicolaum
1398 3181 1431 3228 et
1455 3167 1596 3230 nobilem
1621 3165 1794 3229 Albertum

241 3277 283 3336 de
307 3276 425 3338 ibidem
450 3277 492 3337 ad
516 3274 754 3354 disponendum
779 3276 888 3336 omnia
912 3284 944 3336 et
969 3275 1101 3354 singula,
1133 3285 1228 3355 prout
1253 3275 1285 3334 in
1309 3285 1508 3336 testamento
1533 3285 1607 3337 sunt
1632 3285 1793 3335 contenta.

241 3383 283 3445 Et
307 3382 367 3444 hec
392 3383 500 3443 omnia
524 3383 746 3462 intelliguntur
770 3391 848 3443 tunc
871 3393 939 3443 rata
966 3381 1042 3452 fore,
1068 3383 1198 3462 quando
1222 3391 1349 3444 testans
1374 3381 1515 3442 moritur.

454 3575 496 3636 A.
527 3576 617 3654 1506,
643 3575 738 3636 Marti
763 3574 804 3636 28
829 3585 863 3636 et
888 3591 938 3654 29,
963 3577 994 3636 in
1018 3574 1119 3636 Plock
1143 3576 1174 3636 In
1199 3575 1315 3636 sinodo
1339 3575 1522 3636 diocesana.

349 3695 438 3764 243.
471 3699 569 3776 (Acta
594 3701 692 3780 epIsc.
718 3699 800 3780 VII).
832 3697 873 3760 A.
900 3698 937 3760 D.
962 3697 1112 3761 IVIDVI..
1136 3697 1188 3762 die
1212 3720 1290 3760 vero
1314 3699 1441 3760 sabbati
1465 3706 1541 3760 ante
1567 3695 1660 3758 Dom.
1687 3697 1794 3760 ludica

241 3810 406 3886 ingressus
430 3805 538 3867 Rnri..
564 3808 616 3869 dni
643 3807 768 3868 Erasini
802 3807 839 3867 D.
865 3825 895 3884 g.
920 3807 1065 3886 episcopi
1091 3806 1255 3868 Ploceusis
1287 3809 1318 3868 iu
1342 3807 1513 3868 civitatem·
1538 3801 1728 3866 Plocensem
1754 3807 1795 3868 de

241 3917 459 3976 conventione
491 3914 633 3994 generali
657 3912 846 3975 Lublinensi
879 3923 912 3974 et
945 3913 1173 3993 delegatione
1204 3915 1245 3976 ad
1270 3911 1389 3974 Sedem
1414 3912 1627 3992 apostolicam
1661 3923 1795 3992 peracta

241 4030 275 4082 et
292 4019 427 4082 leliciter
451 4023 481 4081 In
499 4021 595 4082 rebus
620 4023 705 4102 regis
729 4031 763 4083 et
786 4023 875 4100 regni
900 4041 973 4082 cum
995 4023 1081 4082 omni
1107 4021 1329 4083 consolatione
1354 4019 1495 4101 expleta.
1521 4039 1580 4098 pro
1597 4019 1794 4099 quaquIdem

240 4128 402 4189 dominica
426 4126 533 4189 Iudica
565 4129 745 4190 sinodus
777 4127 1011 4189 diocesana
1045 4147 1103 4206 per
1134 4147 1223 4188 suam
1248 4127 1341 4189 Ptem
1373 4127 1520 4188 instituta
1544 4135 1593 4186 est
1618 4126 1795 4188 solenniter

240 4232 403 4296 celebrata
420 4245 454 4296 et
471 4253 544 4294 cum
562 4236 650 4295 omni
667 4255 801 4296 assensu
820 4243 852 4296 et
865 4235 1033 4296 voluntate
1050 4233 1110 4296 hec
1127 4233 1330 4313 infrascripta
1347 4243 1421 4294 suut
1438 4234 1568 4294 decreta
1582 4241 1616 4293 et
1628 4231 1794 4294 conclusa:

346 4341 380 4402 In
406 4343 516 4422 primis
547 4342 823 4403 contribucionem
857 4343 887 4402 in
913 4342 1098 4422 proviirciali
1131 4341 1247 4402 sinodo
1280 4361 1340 4420 pro
1371 4341 1511 4401 tuicione
1543 4351 1575 4401 et
1603 4339 1793 4401 defensione

239 4450 331 4527 regni
355 4449 535 4511 iustitutam
568 4469 717 4510 amarca
742 4451 865 4528 argenti
900 4469 958 4529 per
981 4449 1009 4509 II
1034 4449 1178 4510 fertones
1210 4447 1474 4528 approbaverunt
1507 4457 1599 4508 etse
1631 4447 1794 4508 soluturos

239 4556 458 4618 sumeserunt
481 4559 512 4616 in
539 4576 651 4618 manus
676 4575 781 4617 vener.
799 4557 937 4617 dnorum
962 4555 1087 4618 NicoIai
1112 4555 1315 4616 Barthniczki
1341 4554 1486 4616 custodis
1512 4567 1544 4618 et
1561 4555 1670 4616 Iacob'i
1695 4553 1794 4634 Lipo-

239 4665 327 4724 viecz
351 4665 497 4724 canonici
525 4661 688 4724 Plocensis
712 4684 773 4744 pro
798 4663 967 4724 DominIca
992 4662 1222 4744 Rogationum.

346 4771 427 4832 Item
453 4769 567 4850 prelati
599 4783 631 4832 et
656 4771 802 4832 canonici
827 4779 982 4850 totusque
1006 4769 1109 4831 clerus
1142 4769 1312 4850 prodicta
1337 4767 1453 4829 sinodo
1477 4769 1667 4847 congregati
1692 4768 1793 4827 consi-

240 4879 359 4939 deratis
383 4879 537 4956 expensis
562 4889 594 4939 et
612 4876 729 4957 fatigiS,
755 4897 835 4957 quas
860 4876 963 4938 Rmus
988 4877 1069 4937 dnus
1094 4879 1124 4936 In
1147 4877 1260 4936 itinere
1284 4875 1324 4935 ad
1349 4873 1468 4936 Sedem
1493 4885 1637 4936 sanctam
1663 4885 1793 4954 aposto-

240 4985 331 5045 licam
357 4997 417 5065 pro
434 4987 577 5046 omnium
603 4986 778 5045 commodo
802 4995 835 5045 et
853 4981 990 5045 utilitate
1016 4983 1144 5062 subegit
1168 4995 1201 5044 et
1222 4981 1308 5056 iecit,
1334 4983 1503 5043 voluerunt
1528 4993 1561 5042 et
1578 4981 1792 5042 decreverunt

239 5094 440 5154 caritativum
465 5091 642 5153 subsidium
667 5110 686 5149 a
711 5111 818 5151 marca
843 5091 967 5171 argenti
992 5109 1107 5151 omnes
1132 5088 1346 5150 beneficiatos
1366 5109 1425 5168 per
1450 5087 1481 5148 X
1505 5109 1560 5168 gr,
1585 5106 1649 5148 non
1674 5083 1791 5148 benefr-

239 5203 341 5262 ciatos
358 5219 444 5264 vero,
470 5207 568 5279 prout
591 5207 667 5259 sunt
684 5199 793 5258 vIcarii
820 5198 994 5266 manuales,
1022 5217 1079 5275 per
1095 5196 1160 5257 XV
1178 5217 1233 5274 gr..
1258 5195 1309 5256 alii
1327 5217 1404 5257 vero
1423 5195 1591 5276 presbiteri
1610 5195 1792 5274 quicunque

239 5327 297 5386 per
314 5317 417 5369 totam
442 5305 598 5367 diocesim
623 5325 681 5384 per
697 5305 727 5365 X
744 5325 788 5384 gr.
814 5315 945 5366 monete
970 5305 1126 5365 currentis
1143 5300 1199 5388 [inl
1218 5303 1332 5364 mediis
1349 5323 1395 5384 gr.
1414 5301 1574 5382 profesto
1599 5321 1621 5361 s.
1641 5299 1792 5361 Iohannis

239 5414 387 5494 Baptiste
420 5415 449 5474 in
474 5433 588 5474 manus
612 5411 789 5474 eorundem
821 5423 857 5473 ut
881 5431 977 5491 supra
1003 5421 1192 5472 exactorum
1227 5411 1299 5471 anni
1324 5411 1486 5490 presentIs
1519 5406 1624 5468 Iacere
1656 5417 1690 5468 et
1713 5407 1792 5467 dare

239 5541 296 5582 sue
321 5519 405 5580 Rme
431 5519 497 5580 Ptis
521 5521 552 5580 in
577 5519 848 5580 consolacionem.
1778 5505 1782 5510 ¹

347 5627 430 5688 Item
454 5647 511 5687 sua
537 5626 621 5687 Rma
645 5625 721 5688 Ptas
746 5626 859 5688 statuit
883 5637 915 5686 et
933 5625 1094 5686 ordinavit
1118 5625 1148 5684 in
1167 5622 1284 5684 eodem
1303 5622 1418 5683 sinodo
1443 5641 1515 5682 cum
1533 5621 1673 5702 prelatis,
1699 5639 1792 5679 cano·

240 5737 320 5796 nicis
344 5745 377 5796 et
402 5746 475 5796 toto
499 5735 587 5795 clero
612 5732 696 5795 festa
719 5753 743 5794 s
762 5732 887 5793 Erasmi
912 5733 1057 5812 episcopi
1083 5742 1116 5794 et
1133 5732 1270 5793 martiris
1293 5729 1424 5810 gloriosi
1449 5729 1480 5788 in
1498 5727 1552 5788 illa
1568 5719 1789 5788 sillabascele
