4392 6672
399 675 440 720 22
879 660 969 710 acra
989 659 1112 710 rumcu
1131 659 1267 710 scenas.
1288 659 1474 708 euocausrs

398 889 459 950 pro
475 869 626 951 dampnis
650 889 710 950 per
725 889 783 934 eos
807 871 847 932 ad
872 869 1137 934 fortalicium
1164 871 1419 934 Carnischin
1443 869 1753 934 devastandum
1779 881 1819 934 et
1842 872 1950 934 obsi·

398 977 577 1039 dendum
601 978 844 1041 transeuntibus
867 982 898 1039 in
922 979 996 1041 villa
1020 999 1077 1042 sue
1105 979 1170 1042 Ptis
1194 977 1391 1042 Chrosczino
1416 981 1591 1060 vulgariter
1614 981 1699 1042 dicta
1723 981 1892 1059 patratis..

612 1169 654 1232 A.
686 1169 776 1248 1466,
801 1171 965 1234 Februarii
989 1189 1018 1250 9,
1043 1173 1073 1232 in
1099 1174 1293 1234 consistorio
1318 1172 1545 1235 Polthoviensi.

507 1293 570 1362 57.
594 1295 692 1378 (Acta
716 1295 797 1358 offic.
823 1295 870 1373 Il).
910 1294 980 1358 Nos
1011 1294 1134 1358 Zemak
1166 1297 1207 1358 de
1231 1297 1417 1358 B0rukowo
1442 1297 1777 1378 Vyschegradziensis
1810 1299 1950 1360 Zacroci-

398 1404 532 1466 miensis
555 1404 654 1466 iudex
671 1404 764 1466 simul
788 1424 861 1464 cum
879 1402 1041 1466 Stanislao
1065 1401 1299 1486 Golawynsky,
1324 1405 1490 1467 subindice
1514 1404 1772 1478 Zaerocimieusi,
1798 1425 1950 1486 recogno·

399 1513 518 1573 scimus
542 1519 656 1573 tenore
680 1513 917 1591 presencium..
943 1513 1109 1592 quomodo
1133 1512 1209 1574 dum
1234 1513 1274 1574 de
1296 1531 1382 1573 anno
1408 1512 1470 1574 Dni
1496 1511 1743 1576 MCCCCLXV
1768 1513 1950 1575 [veante

400 1619 517 1678 lestum
543 1617 780 1679 Penthecostes
795 1619 827 1678 in
847 1618 1105 1700 Nowemyastho
1129 1619 1244 1681 iudicio
1261 1617 1428 1680 Simorum
1446 1621 1626 1700 principum
1643 1621 1781 1683 dnorum
1798 1619 1950 1696 Conradi,

400 1723 562 1796 Casimiri,
593 1722 733 1786 Boleslai
765 1735 798 1787 et
822 1723 974 1787 iohannis
998 1724 1114 1786 ducum
1140 1725 1285 1788 Masovie
1310 1737 1370 1787 etc.
1402 1727 1605 1788 dominorum
1637 1727 1949 1808 graciosissimorum

398 1831 578 1893 iudicantes
609 1831 866 1910 presidebamus,
901 1833 1033 1894 tandem
1073 1831 1190 1894 nobilis
1229 1831 1436 1913 Nyemyerza
1474 1832 1515 1894 de
1549 1831 1797 1913 Sczepankowo
1837 1844 1950 1895 contra

399 1938 526 2000 nobiles
550 1935 753 2018 Stephanum
778 1937 869 2000 iada
894 1936 1077 2001 Gromadza
1101 1950 1135 2001 et
1153 1937 1319 2001 Allexium
1346 1940 1461 2002 iratres
1484 1961 1659 2022 germanos
1682 1941 1724 2002 de
1742 1940 1860 2002 ibidem
1878 1960 1950 2001 con-

399 2047 508 2108 iuncta
533 2064 629 2106 manu
653 2046 825 2124 proposuit
848 2045 908 2107 hiis
934 2045 1053 2107 verbis:
1077 2066 1138 2126 pro
1163 2067 1203 2106 eo
1228 2047 1316 2126 quod
1341 2067 1400 2108 vos
1424 2049 1544 2110 tenetis
1568 2048 1757 2127 porcionem
1784 2057 1951 2126 paternam

400 2152 431 2212 in
456 2149 702 2231 Sczepanlrowo
737 2153 857 2214 nullum
881 2154 929 2214 ius
956 2152 997 2214 ad
1022 2154 1159 2215 eandem
1185 2152 1344 2216 habentes
1375 2166 1408 2216 et
1433 2153 1508 2216 volo
1533 2155 1651 2230 videre,
1683 2175 1756 2216 cum
1788 2175 1854 2235 quo
1888 2155 1953 2216 iure

400 2259 525 2330 tenetis,
550 2269 583 2321 et
607 2261 639 2320 in
663 2279 704 2320 eo
727 2279 780 2320 me
804 2260 1059 2340 dampnificastis
1082 2261 1123 2322 ad
1149 2260 1379 2342 Lsexagenas
1402 2282 1449 2341 gr.
1474 2261 1503 2322 in
1528 2261 1642 2324 mediis
1666 2282 1712 2342 gr.
1737 2261 1789 2322 Ex
1813 2261 1952 2322 adverso

400 2366 459 2444 ipsi
484 2362 671 2446 Stephanus
688 2365 779 2428 Lada
797 2364 981 2429 Gromadza
1005 2379 1038 2430 et
1055 2367 1205 2430 Allexius
1229 2369 1349 2431 iuribus
1373 2379 1406 2430 et
1424 2369 1600 2449 privilegiis
1624 2368 1791 2430 ducalibus
1811 2368 1953 2448 desuper

399 2471 486 2534 datis
509 2491 544 2534 se
561 2487 799 2553 opposuerunt;
822 2495 886 2554 que
901 2475 969 2535 iura
993 2487 1025 2536 et
1043 2474 1208 2555 privilegia
1225 2476 1437 2538 exaudientes
1461 2487 1493 2538 et
1510 2474 1706 2538 sufficienter
1729 2475 1953 2552 intelligentes,

400 2580 489 2659 quod
514 2580 584 2660 ipsa
607 2579 694 2642 bona
718 2582 749 2640 in
774 2577 1031 2661 Sczepanlmwo,
1060 2603 1120 2663 pro
1145 2583 1261 2662 quibus
1285 2583 1401 2644 citacio
1425 2595 1457 2644 et
1482 2583 1666 2663 proposicio
1692 2582 1778 2644 facta
1802 2593 1860 2661 est,
1892 2583 1952 2643 sub

401 2688 512 2766 vigore
548 2697 581 2748 et
612 2688 753 2749 tuicione
785 2688 943 2768 privilegii
978 2689 1008 2749 in
1042 2709 1124 2770 pace
1157 2689 1239 2750 ultra
1263 2689 1305 2750 Ill
1330 2709 1433 2750 annos
1465 2699 1637 2750 tenuerunt
1670 2699 1703 2750 et
1735 2689 1953 2770 possederunt

401 2793 489 2854 nullo
513 2794 765 2867 contradicente,
797 2795 872 2857 ideo
901 2795 1022 2856 nullum
1048 2797 1200 2858 timentes
1225 2797 1283 2858 nisi
1308 2794 1413 2858 Deum
1446 2805 1480 2857 et
1503 2797 1660 2860 iusticiam
1695 2815 1752 2876 pre
1777 2793 1877 2856 oculis
1901 2793 1953 2856 ha·

400 2901 517 2963 bentes
540 2921 653 2984 ymmo
678 2903 931 2984 unumquodque
955 2905 1003 2965 ius
1032 2915 1065 2966 et
1089 2913 1174 2965 terre
1198 2905 1465 2966 consuetudinem
1498 2915 1531 2966 et
1555 2913 1674 2964 statuta
1707 2904 1739 2964 in
1763 2903 1875 2983 vigore
1900 2901 1954 2962 ob·

401 3019 568 3070 servantes
593 3011 671 3090 ipsis
688 3007 857 3090 Stephano
883 3009 973 3072 Lade
992 3010 1174 3073 Gromadze
1199 3023 1232 3072 et
1249 3009 1383 3072 Allexio
1407 3011 1522 3072 eadem
1547 3011 1633 3072 bona
1658 3013 1688 3070 in
1706 3007 1953 3088 Sczepankowo

400 3114 654 3179 adiudicavimus
678 3129 710 3179 et
727 3129 841 3181 tenore
864 3121 1066 3199 presencium
1091 3131 1251 3199 perpetuo
1276 3117 1528 3180 adiudicavimus
1553 3118 1703 3187 tenenda,
1727 3116 1832 3178 eidem
1850 3117 1952 3176 eciam

402 3221 608 3305 Nyemyerze
634 3235 828 3306 perpetuum
846 3223 1010 3287 silencium
1035 3227 1243 3306 inponentes;
1268 3223 1497 3305 quamquidem
1523 3225 1724 3286 sentenciam
1749 3222 1948 3284 dilfinitivam

401 3329 559 3392 habentes
584 3341 719 3394 ratam..
745 3333 849 3413 ipsam
874 3334 1128 3412 approbamus..
1155 3331 1188 3392 ln
1205 3333 1294 3394 cuius
1317 3333 1362 3392 rei
1381 3333 1601 3394 testimonium
1628 3330 1730 3411 sigilla
1755 3343 1868 3393 nostra
1884 3349 1953 3409 pre·

400 3437 547 3500 sentibus
572 3448 646 3501 sunt
672 3459 827 3520 appensa.
852 3437 973 3500 Datum
999 3459 1057 3520 per
1080 3458 1195 3502 manus
1219 3437 1304 3502 Petri
1329 3437 1568 3520 Wlosczyborii
1593 3439 1634 3500 de
1659 3426 1787 3500 Osszelt
1810 3436 1954 3498 Zaeroci·

400 3543 531 3608 miensis
556 3546 681 3608 notarii.

614 3738 655 3800 A.
686 3737 778 3816 1466,
802 3739 966 3802 Februarii
993 3756 1044 3810 21,
1069 3741 1099 3800 in
1124 3737 1314 3802 Polthowslt
1339 3742 1370 3800 in
1395 3740 1482 3801 curia
1506 3737 1696 3820 episcopali.

509 3858 571 3928 58.
595 3861 693 3943 (Acta
713 3864 812 3945 episc.
838 3864 892 3943 1)..
919 3864 1010 3926 Dnus
1034 3862 1202 3934 Stiborius,
1227 3867 1404 3944 episcopus
1427 3863 1601 3932 Plocensis,
1625 3875 1758 3945 recepta
1781 3864 1955 3924 summaria

401 3969 633 4032 informacione
665 3972 796 4033 testium
822 3973 998 4034 iuratorum
1031 3991 1137 4034 vener.
1162 3973 1243 4052 mgri
1276 3971 1404 4032 Thome
1436 3973 1477 4033 de
1502 3970 1649 4045 Xansch,
1682 3969 1898 4032 archidiaconi
1922 3981 1954 4030 et

400 4076 545 4140 olficialis
570 4077 815 4152 Polthoviensis,
841 4078 881 4140 de
905 4080 973 4142 vita
997 4091 1029 4140 et
1054 4079 1307 4140 conversacione
1332 4079 1459 4140 discreti
1486 4077 1610 4139 Mathie
1634 4077 1674 4138 de
1700 4077 1955 4156 Maguuschewo

400 4185 431 4246 in
456 4183 635 4266 Rzekunye
660 4185 767 4248 vicarii
792 4206 901 4247 coram
926 4207 984 4248 sua
1003 4186 1059 4250 Pte
1081 4186 1295 4268 personaliter
1319 4187 1496 4254 constituti,
1522 4185 1610 4266 quod
1637 4183 1785 4246 videlicet
1810 4197 1954 4247 reservat

401 4291 461 4353 sibi
484 4292 699 4354 concubinam
724 4303 757 4355 et
781 4294 823 4355 sit
846 4293 1057 4369 tabernarius,
1081 4293 1226 4374 prelatus
1251 4294 1354 4355 Rmus
1379 4303 1473 4372 pater
1496 4291 1675 4354 inherendo
1707 4300 1878 4353 statuto
1911 4291 1954 4350 si-

400 4397 547 4462 nodali
572 4398 708 4462 ecclesie
732 4399 903 4474 Plocensis,
927 4420 1001 4460 cum
1027 4401 1132 4480 primo
1156 4401 1197 4462 sit
1221 4398 1357 4470 delatus,
1382 4399 1487 4461 eidem
1513 4399 1635 4461 Mathie
1660 4399 1831 4478 opcionem
1857 4396 1955 4468 dedit,

400 4527 440 4567 an
465 4527 584 4586 penam
609 4506 651 4568 111
676 4527 856 4569 marcarum
882 4527 940 4586 pro
966 4505 1053 4568 lacto
1078 4529 1135 4587 per
1159 4527 1232 4568 eum
1258 4517 1389 4587 patrato
1414 4504 1541 4568 solvere
1567 4503 1663 4568 vellet
1693 4505 1742 4566 vel
1768 4505 1876 4566 subire
1900 4524 1953 4583 pe·

401 4633 475 4675 nam
493 4616 645 4692 carceris;
669 4626 702 4676 et
718 4616 794 4676 dum
812 4615 1012 4696 respondere
1037 4615 1138 4675 nollet
1162 4633 1263 4694 seque
1288 4633 1464 4695 pauperem
1482 4613 1647 4693 allegaret,
1671 4611 1753 4672 dnus
1771 4610 1955 4692 Episcopus

400 4721 657 4802 condempnavit
691 4741 763 4782 eum
791 4723 857 4800 pati
881 4741 999 4803 penam
1024 4723 1160 4782 carceris
1192 4721 1243 4781 hic
1268 4721 1298 4781 in
1325 4719 1535 4782 Polthowsko
1567 4739 1625 4800 per
1649 4719 1662 4780 1
1686 4738 1804 4779 annum
1838 4729 1872 4780 et
1895 4729 1955 4780 ter-

401 4830 522 4889 minum
554 4829 751 4910 suscipiendi
785 4829 1001 4911 penitenciam
1034 4839 1068 4890 et
1091 4827 1293 4908 ingrediendi
1324 4847 1472 4890 carceres
1504 4829 1608 4888 eidem
1636 4824 1757 4886 Mathie
1789 4824 1902 4886 feriam
1927 4823 1954 4884 ll

400 4946 477 5016 post
501 4935 706 5018 Conductum
739 4937 863 4998 Pasche
895 4937 955 4998 sub
987 4955 1073 5016 pena
1105 4935 1455 4996 excommunicacionis
1490 4934 1676 5013 assignavit,
1709 4953 1774 5013 quo
1807 4943 1954 5012 tempore

400 5043 595 5104 adveniente
619 5044 703 5104 idem
730 5043 870 5104 Mathias
894 5043 993 5106 debet
1015 5053 1135 5122 sponte
1160 5043 1284 5120 ingredi
1309 5061 1471 5102 carcerem
1497 5043 1527 5100 in
1545 5051 1653 5100 castro
1679 5037 1877 5100 Poltoviensi
1895 5038 1953 5100 sibi

400 5151 636 5230 deputandum;
660 5150 884 5211 nichilominus
908 5160 1018 5212 tamen
1045 5162 1181 5230 propter
1204 5147 1367 5210 defectum
1392 5148 1554 5209 caucionis
1579 5145 1756 5227 personalis
1781 5146 1865 5207 idem
1890 5147 1955 5208 Ma·

401 5256 484 5319 thias
508 5259 689 5319 iuramento
713 5256 908 5337 corporali..
933 5259 1026 5328 cavit,
1059 5258 1146 5336 quod
1172 5257 1211 5317 ad
1236 5267 1366 5334 tempus
1392 5254 1551 5336 prefatum
1578 5256 1685 5314 veniet
1718 5267 1838 5334 sponte
1869 5254 1954 5334 peni·

400 5367 540 5428 tentiam
566 5366 777 5446 prescriptam
803 5377 1014 5444 suscepturus
1063 5364 1269 5426 Presentibus
1302 5362 1420 5424 ibidem
1446 5361 1622 5424 venerabili
1655 5373 1688 5424 et
1712 5363 1817 5422 honor
1838 5361 1955 5421 bilibus

400 5472 475 5534 viris
499 5473 571 5534 dnis
596 5473 696 5534 Paulo
729 5472 769 5533 de
795 5471 959 5550 Golinyno
984 5473 1188 5533 decretorum
1215 5473 1350 5532 doctore
1376 5471 1554 5548 preposite,
1588 5489 1680 5548 mgro
1705 5467 1834 5530 Thoma
1858 5465 1955 5528 archi-

400 5582 538 5643 diacono
562 5591 595 5643 et
612 5579 738 5642 officiali
763 5578 972 5648 Poltoviensi,
1000 5577 1097 5641 Petro
1122 5580 1162 5638 de
1180 5577 1378 5647 Radzimin0,
1406 5576 1548 5637 iohanne
1573 5577 1613 5637 de
1631 5575 1768 5638 Cuchari
1793 5575 1956 5635 canonicis

401 5689 609 5752 Plocensibus
633 5700 666 5751 et
689 5707 741 5750 me
766 5685 1015 5765 Praszmowsky
1039 5687 1175 5746 notario
