4458 6674
856 681 1033 730 ,0111011111
1055 677 1120 732 1111
1132 677 1241 730 -rura
1771 691 1832 758 ¹57

281 773 386 780 *—
402 774 421 778 -
433 773 447 778 -.
454 775 469 778 ..
494 771 694 778 -------
701 773 774 780 -,
781 769 1182 780 ——-.-——-———-——-—-————-

280 893 431 954 clericum
456 894 544 955 solus
569 892 714 954 similiter
738 901 830 970 petet
856 903 889 953 et
913 890 1050 970 rogabit,
1075 911 1138 969 que
1163 891 1271 952 omnia
1300 901 1333 952 et
1357 890 1483 971 singula
1506 901 1617 969 partes
1641 889 1767 970 prefate
1793 889 1833 951 f·

281 1019 354 1060 cere
378 1000 576 1066 tenebuntur
599 999 659 1060 sub
683 1001 826 1060 censuris
850 997 1077 1060 ecclesiasticis
1100 1009 1134 1060 et
1158 1017 1243 1077 pena
1267 995 1433 1059 sinodali..

495 1192 537 1254 A.
567 1206 657 1272 1511,
684 1190 879 1253 Novembris
906 1205 932 1270 5,
957 1192 987 1251 in
1013 1193 1206 1252 consistorio
1232 1190 1437 1252 Poltoviensi.

388 1313 475 1382 337.
500 1317 599 1396 (Acta
622 1315 704 1378 offic.
723 1315 818 1396 Vlll).
843 1316 878 1376 ln
894 1336 992 1378 causa
1017 1317 1132 1378 nobilis
1156 1315 1239 1377 Petri
1265 1317 1307 1377 de
1325 1315 1563 1395 Gyemyelyste
1579 1325 1692 1377 contra
1710 1315 1835 1380 nobiles

281 1424 490 1494 Stanislaum,
522 1424 690 1485 Andream
715 1424 757 1486 de
782 1424 931 1504 Duchny,
955 1424 1114 1486 Martinus
1139 1423 1266 1486 Zaleski
1299 1435 1490 1502 procurator
1523 1424 1607 1486 Petri
1640 1424 1834 1504 reproducta

281 1534 470 1596 citacione..
496 1533 666 1613 proposuit
691 1541 803 1594 contra
820 1531 964 1601 eosdem,
989 1531 1156 1612 quomodo
1173 1532 1233 1610 ipsi
1250 1551 1336 1592 anno
1354 1533 1497 1610 presenti
1514 1539 1662 1610 ternpore
1681 1533 1832 1592 messium

281 1649 372 1700 certo
395 1638 448 1700 die
472 1640 652 1700 existentes
677 1639 782 1700 vocati
818 1647 850 1698 et
874 1639 981 1717 rogati
1006 1636 1046 1698 ad
1071 1648 1192 1698 certam
1219 1637 1426 1698 concordiam
1456 1640 1666 1717 interipsum
1693 1636 1833 1700 nobilem

281 1746 409 1807 Petrum
434 1755 467 1807 et
484 1747 645 1824 quendam
671 1745 822 1807 iacobum
849 1745 1060 1807 lemethonem
1085 1745 1639 1808 1101011101000111011000110111111
1665 1747 1833 1807 vulnerum

280 1865 312 1916 et
336 1853 555 1932 percussionis
580 1852 765 1922 faciendam,
799 1863 895 1930 prout
919 1852 1064 1913 fecerunt
1096 1865 1129 1914 et
1153 1855 1241 1931 ipsas
1266 1863 1377 1931 partes
1408 1852 1618 1914 amicabiliter
1641 1871 1832 1933 composue-

282 1973 354 2020 runt
386 1970 420 2022 et
444 1979 563 2038 penam
588 1959 741 2020 vallatam
766 1960 1038 2041 interposuerunt,
1071 1971 1187 2040 postea
1213 1979 1290 2020 vero
1315 1960 1421 2021 vocati
1453 1974 1486 2020 et
1510 1961 1599 2022 citati
1631 1981 1689 2040 per
1713 1960 1833 2020 dictum

280 2067 410 2128 Petrum
434 2066 476 2127 ad
499 2065 648 2128 iudicium
673 2067 818 2128 seculare
843 2087 903 2146 pro
929 2068 1155 2146 recognicione
1179 2067 1325 2145 predicte
1349 2068 1524 2142 concordie
1554 2086 1612 2146 per
1635 2068 1725 2146 ipsos
1750 2065 1834 2128 facte

281 2175 385 2252 ipsam
409 2176 616 2236 concordiam
641 2186 675 2236 et
699 2175 919 2237 testimonium
945 2175 1090 2236 veritatis
1114 2175 1147 2234 in
1172 2174 1345 2252 periculum
1371 2175 1477 2235 anime
1494 2194 1551 2236 sue
1575 2183 1608 2236 et
1632 2177 1663 2234 in
1679 2174 1834 2234 damnum

282 2281 416 2360 predicti
442 2281 527 2343 Petri
552 2284 641 2362 ipsos
664 2283 695 2342 in
713 2283 933 2344 testimonium
958 2281 1139 2344 inducentis
1163 2283 1249 2342 etin
1274 2281 1416 2343 favorem
1442 2280 1573 2342 alterius
1596 2281 1697 2360 partis
1722 2291 1836 2342 contra

281 2387 386 2448 Deum
412 2399 445 2450 et
468 2387 586 2450 factam
611 2389 767 2450 iusticiam
784 2409 1021 2468 recognoscere
1042 2387 1221 2459 noluerunt,
1238 2399 1363 2450 reatum
1389 2389 1571 2469 periurii
1595 2398 1710 2450 contra
1726 2387 1834 2449 Deum

282 2505 315 2558 et
339 2497 523 2576 proximum
549 2496 710 2556 incurrere
734 2515 798 2556 non
824 2494 1036 2557 formidantes
1068 2506 1100 2556 et
1126 2516 1183 2576 per
1206 2496 1270 2556 1100
1293 2497 1399 2577 ipsum
1426 2495 1556 2557 Petrum
1581 2494 1777 2556 confratrem
1802 2503 1835 2556 et

282 2604 466 2682 proximum
483 2621 575 2662 suum
593 2602 880 2664 damnificavcrunt
896 2603 937 2664 ad
955 2604 1059 2664 minus
1083 2605 1114 2663 in
1132 2623 1193 2664 sex
1209 2604 1396 2682 sexagenis;
1421 2615 1453 2664 et
1471 2604 1545 2682 quia
1563 2603 1636 2663 iuris
1661 2611 1694 2664 et
1710 2603 1836 2664 iusticie

282 2721 341 2778 est,
365 2709 453 2788 quod
478 2729 541 2770 non
560 2711 665 2770 minus
689 2712 891 2790 peccat.·qui
911 2711 1080 2772 veritatem
1106 2710 1254 2782 subticet,
1279 2729 1376 2789 quam
1401 2712 1455 2790 qui
1473 2708 1588 2772 falsum
1613 2710 1834 2772 testimonium

283 2815 415 2896 profert,
440 2817 549 2895 etqui
573 2819 777 2878 occasionem
802 2817 910 2878 damni
935 2819 999 2890 dat,
1025 2817 1176 2879 damnum
1202 2816 1332 2878 dedisse
1356 2818 1490 2890 videtur,
1517 2837 1615 2896 quare
1641 2819 1722 2896 petit
1746 2818 1836 2898 ipsos

282 2923 426 2984 veritatis
451 2922 633 2985 occultores
658 2934 692 2986 ut
718 2924 850 3002 periuris
875 2924 915 2985 de
939 2925 1006 2986 iure
1030 2925 1272 3004 equiparandos
1297 2927 1328 2986 in
1353 2922 1480 2986 damnis
1504 2933 1538 2986 et
1562 2925 1721 2986 interesse
1745 2944 1835 2986 occa·

282 3031 373 3091 sione
397 3032 625 3108 premissorum
652 3031 795 3112 prestitis
819 3030 947 3110 prefato
972 3033 1117 3092 iniuriam
1135 3051 1234 3112 passo
1251 3032 1461 3094 condemnari
1485 3041 1518 3092 et
1535 3031 1614 3092 alias
1639 3040 1673 3093 ut
1691 3033 1836 3110 periuros

282 3139 436 3199 canonice
470 3138 607 3219 puniri..
640 3137 691 3200 Ex
715 3139 853 3200 adverso
886 3137 1001 3218 prefati
1034 3138 1157 3199 nobiles
1190 3160 1247 3219 per
1271 3159 1307 3200 se
1339 3149 1569 3218 comparentes
1601 3151 1835 3220 negaverunt..

283 3255 493 3325 procuratore
518 3244 692 3306 offerrente
716 3265 751 3307 se
778 3245 998 3324 probaturum.

495 3437 537 3499 A.
566 3452 658 3517 1511,
683 3438 872 3500 Decembris
900 3456 946 3518 17,
970 3441 1001 3498 in
1026 3441 1221 3500 consistorio
1246 3439 1458 3502 Poltoviensi.

390 3560 479 3628 338.
512 3563 610 3643 (Acta
634 3563 718 3624 offic.
744 3563 842 3644 Vlll).
878 3563 912 3623 ln
937 3583 1035 3626 causa
1065 3563 1212 3641 orphane
1245 3563 1342 3626 Anne
1373 3565 1415 3626 de
1446 3563 1632 3647 Noszylslro
1664 3567 1837 3628 servitricis

284 3673 364 3752 mgri
392 3672 519 3734 Alberti
544 3671 584 3732 de
603 3671 838 3748 Gorzlrovycze
863 3673 1082 3750 procuratoris
1106 3691 1274 3734 causarum
1300 3673 1377 3732 civis
1403 3671 1615 3736 Poltoviensis
1638 3685 1750 3736 contra
1775 3675 1837 3736 dis-

283 3789 405 3840 cretum
433 3779 560 3840 Petrum
593 3778 633 3840 de
658 3776 788 3858 Goszye
812 3791 886 3838 actu
911 3778 1124 3858 presbiterum
1150 3779 1301 3839 vicarium
1335 3781 1375 3839 de
1398 3779 1540 3860 Vyszna,
1573 3801 1653 3861 mgr.
1677 3781 1836 3846 Albertus

283 3885 432 3948 dominus
457 3885 555 3946 Anne
586 3897 619 3948 et
644 3895 835 3966 procurator
865 3887 983 3947 ibidem
1016 3886 1103 3967 apud
1127 3897 1200 3946 1011
1224 3887 1452 3949 constitutus..
1483 3889 1647 3950 accusavit
1670 3898 1836 3958 contuma-

283 3995 363 4053 ciam
388 3994 464 4054 dicti
490 3993 576 4056 Petri
600 4004 634 4056 01
658 3993 688 4053 111
714 3995 885 4074 presencia
909 3995 992 4073 mgri
1017 3993 1125 4054 lacobi
1150 3995 1369 4073 procuratoris
1400 3993 1516 4074 prefati
1547 3993 1631 4057 Petri
1656 3995 1835 4074 proposuit,

285 4100 372 4178 quod
397 4101 466 4179 ipse
491 4100 605 4162 Petrus
629 4101 705 4161 dum
731 4101 842 4162 babuit
866 4119 997 4162 causam
1023 4120 1082 4180 pro
1106 4101 1173 4160 iure
1200 4109 1391 4179 patronatus
1415 4101 1551 4162 ecclesie
1577 4104 1605 4162 in
1632 4100 1769 4180 Ruthlry
1793 4104 1835 4162 vi-

284 4207 413 4267 sitando
437 4206 478 4267 ad
495 4209 600 4287 ipsum
626 4229 685 4288 pro
702 4207 932 4268 sollicitacione
958 4228 1064 4286 cause,
1089 4219 1123 4268 ut
1140 4208 1181 4268 ad
1199 4227 1291 4268 suum
1310 4219 1562 4288 procuratorem,
1588 4219 1620 4270 et
1636 4209 1836 4290 hospitando

283 4315 370 4393 apud
396 4314 499 4393 ipsum
525 4314 644 4376 dictam
673 4317 803 4375 Annam
830 4329 904 4395 post
930 4315 1048 4376 festum
1076 4314 1175 4376 Pasce
1199 4335 1292 4395 prox.
1309 4317 1499 4394 preteritum
1524 4316 1565 4378 ad
1582 4315 1833 4378 cohabitandum

284 4421 341 4481 sibi
367 4421 494 4482 blandis
511 4422 618 4484 verbis
643 4422 780 4497 seduxit,
807 4427 1001 4503 promittens
1026 4424 1130 4502 ipsam
1156 4423 1336 4500 providere,
1361 4424 1387 4484 si
1411 4426 1516 4503 ipsam
1540 4425 1779 4505 impregnasset
1804 4433 1837 4486 et

284 4529 417 4606 prolem,
442 4529 467 4589 si
485 4549 549 4608 qua
574 4543 689 4590 exorta
713 4529 815 4599 fuerit,
840 4531 986 4590 similiter
1002 4529 1183 4609 providere,
1208 4529 1328 4590 dicens:
1355 4533 1379 4590 si
1398 4529 1535 4592 haberes
1559 4540 1592 4592 et
1609 4531 1692 4593 duos
1708 4551 1836 4611 pueros,

284 4654 347 4716 ego
371 4646 405 4696 te
431 4655 503 4696 cum
529 4637 607 4715 ipsis
632 4637 825 4716 providebn;
850 4647 883 4698 et
906 4638 978 4718 ipsa
1001 4636 1136 4698 credens
1161 4638 1262 4718 ipsius
1288 4637 1394 4698 verbis
1419 4647 1453 4699 ut
1470 4637 1652 4718 presbitero
1677 4639 1717 4702 ad
1742 4639 1834 4700 coha-

283 4743 450 4804 bitandum
479 4743 539 4805 sibi
563 4747 737 4818 consensit,
763 4765 836 4805 cum
861 4765 925 4826 qua
941 4743 1141 4806 cohabitavit
1165 4754 1198 4805 et
1216 4747 1319 4824 ipsam
1345 4746 1571 4824 impregnavit,
1596 4755 1713 4824 petens
1730 4747 1835 4826 ipsum

283 4848 324 4910 ad
349 4853 568 4930 provisionem
593 4853 640 4913 sui
665 4861 769 4914 status
794 4861 1036 4932 competentem
1061 4855 1168 4932 cogi..

498 5043 539 5105 A.
568 5058 659 5122 1512,
684 5045 818 5106 Ianuarii
845 5062 873 5126 7,
898 5047 928 5106 in
953 5047 1145 5108 consistorio
1171 5045 1378 5108 Poltoviensi.

392 5164 481 5232 339.
507 5169 605 5247 (Αο11
629 5168 714 5230 offic.
740 5169 835 5247 Vlll).
867 5171 902 5231 ln
927 5191 1023 5233 causa
1048 5170 1142 5232 officii
1166 5183 1278 5232 contra
1303 5173 1477 5233 discretum
1503 5171 1634 5234 Paulum
1659 5171 1834 5234 altaristam

285 5283 315 5342 in
341 5274 466 5335 Lomza
498 5275 656 5336 Martinus
688 5276 815 5338 Zaleski
847 5279 1018 5360 instigator
1049 5277 1176 5339 0111011..
1210 5280 1389 5358 proposuit.
1426 5280 1593 5358 quomodo
1625 5283 1695 5360 ipse
1719 5279 1836 5340 Paulus

225 5464 227 5468 Ι
285 5402 348 5441 non
376 5382 492 5443 habitis
518 5383 631 5442 litteris
654 5385 894 5446 commissionis
918 5385 993 5446 Rmi
1018 5387 1072 5447 dni
1096 5399 1151 5446 aut
1176 5388 1222 5446 sui
1247 5385 1393 5446 officialis
1417 5387 1626 5448 asentenciis
1650 5406 1835 5448 excommu·

285 5490 460 5550 nicacionis
484 5489 629 5550 eiusdem
654 5491 695 5550 ad
720 5493 908 5552 instanciam
935 5492 1061 5570 plebani
1088 5494 1118 5552 111
1137 5492 1259 5553 Ruthlri
1284 5505 1317 5553 et
1341 5504 1454 5554 contra
1480 5493 1641 5572 quendam
1669 5493 1834 5554 Andream

284 5594 440 5657 Bronislai
467 5597 581 5656 laicum
606 5598 744 5659 absolvit
768 5608 801 5658 et
821 5598 946 5659 litteras
971 5598 1187 5659 absolucionis
1210 5599 1269 5660 sub
1294 5600 1388 5660 titulo
1413 5613 1445 5660 et
1471 5598 1575 5678 sigillo
1600 5601 1665 5660 suis
1682 5601 1835 5674 decrevit,

285 5701 426 5765 referens
450 5723 486 5766 se
510 5705 551 5765 ad
575 5705 705 5766 easdem
731 5714 764 5766 et
788 5716 904 5785 petens
928 5707 1033 5786 ipsum
1058 5707 1088 5766 in
1114 5725 1198 5786 pena
1222 5705 1383 5786 condigna
1407 5707 1624 5768 condemnari.
1648 5705 1692 5767 Et
1716 5705 1834 5768 ibidem
