4458 6674
897 695 988 748 ‚lCl'A
1009 696 1132 746 IUllli'II
1152 698 1288 748 Ei'CLES.
1309 699 1496 749 PmCENsIs

636 909 677 972 Α,
707 911 797 988 1508,
823 907 987 970 Februarii
1018 927 1041 978 r,
1066 913 1096 970 in
1122 909 1289 972 Pultowslr
1314 914 1343 972 in
1368 913 1456 972 curia
1480 911 1665 992 episcopali.

528 1032 616 1102 262.
641 1034 739 1097 (Acta
757 1035 854 1114 episc.
873 1033 957 1114 Ial..
983 1033 1139 1096 Testes
1165 1056 1224 1115 pro
1250 1047 1341 1116 parte
1367 1035 1536 1098 Dorotbee
1561 1035 1781 1116 Struszynslra
1805 1050 1838 1098 et
1862 1047 1976 1098 contra

421 1141 644 1224 Sczawynslcy
669 1141 819 1202 maritum
845 1161 935 1202 suum
961 1142 1049 1202 citati
1083 1161 1141 1222 per
1164 1155 1374 1204 executorem
1405 1145 1503 1203 dnum
1529 1142 1698 1205 Nicolaum
1724 1145 1975 1205 mansionarium

421 1255 505 1314 circa
529 1249 699 1312 ecclesiam
725 1247 998 1310 l'oltoviensem..
1024 1251 1215 1310 examinati:

527 1356 687 1420 Primus
720 1356 812 1416 testis
838 1355 953 1416 nobilis
979 1355 1094 1416 Paulus
1126 1357 1167 1416 de
1193 1356 1414 1418 Rutbleowo.
1440 1360 1669 1436 iuterrogatus,
1702 1361 1726 1418 si
1753 1357 1975 1436 Sczawynslcy

420 1477 509 1530 tenet
541 1476 573 1526 et
599 1463 686 1524 iuvet
718 1461 856 1542 aliquam
892 1461 1042 1524 feminam
1076 1473 1108 1524 et
1134 1483 1234 1542 quare
1267 1462 1350 1523 illam
1377 1473 1467 1524 tenet
1499 1477 1531 1525 et
1556 1467 1581 1523 si
1606 1463 1690 1525 illam
1715 1475 1805 1526 tenet
1841 1475 1975 1544 propter

421 1573 691 1654 gubernaclonem
725 1567 854 1640 domus,
891 1571 1090 1649 respondit..
1116 1570 1203 1650 quod
1236 1581 1326 1631 tenet
1358 1574 1521 1650 quandam
1555 1571 1756 1632 Dorotheam
1792 1569 1973 1650 Sdbyczlca‚

420 1701 550 1746 causam
576 1679 713 1740 selencie
740 1675 887 1740 reddens.
921 1679 996 1758 quia
1021 1677 1138 1737 ibidem
1164 1679 1333 1756 sepissime
1359 1677 1423 1746 luit,
1456 1689 1489 1740 et
1514 1690 1602 1739 tenet
1628 1679 1711 1738 illam
1737 1681 1800 1738 iam
1825 1699 1843 1738 a
1868 1677 1899 1738 V
1924 1674 1974 1738 vel

424 1791 466 1854 lV
494 1789 586 1850 annis
610 1797 642 1848 et
668 1797 813 1846 moratur
837 1803 908 1844 curn
936 1783 987 1844 illa
1011 1796 1164 1862 tanquam
1190 1805 1260 1844 cum
1288 1805 1389 1844 uxore
1415 1783 1536 1846 latiens
1560 1807 1631 1844 curn
1657 1807 1695 1846 ea
1720 1789 1824 1846 coitus
1847 1787 1974 1846 illicitos

419 1911 451 1958 et
470 1895 555 1976 <turon
582 1894 690 1972 opinio
715 1891 857 1952 onmium
883 1905 915 1950 et
943 1891 1027 1952 lama
1051 1893 1232 1950 communis
1256 1903 1314 1956 est.
1340 1905 1371 1950 et
1389 1913 1460 1952 cum
1481 1891 1629 1954 iratribus
1647 1895 1713 1953 suis
1731 1893 1869 1954 faciebat
1886 1893 1973 1952 rixas

419 2016 451 2066 et
475 2021 607 2082 guterrus
633 2019 692 2080 pro
717 1995 776 2064 illa.
803 1997 845 2058 ita
870 1997 956 2076 ‹prorl
983 2017 1100 2076 equum
1126 1996 1330 2058 interiecerat
1355 1997 1456 2074 iratri;
1490 1999 1617 2059 videtur
1641 2002 1730 2070 testi,
1763 1999 1850 2078 quod
1876 1999 1973 2058 nomi·

420 2121 548 2172 naretnr
567 2107 727 2168 Nicolans,
753 2105 800 2164 eui
819 2125 935 2183 equum
962 2104 1174 2165 iuterfecerat.
1200 2103 1431 2186 Interrogatus,
1458 2107 1482 2164 si
1502 2107 1562 2167 ista
1579 2109 1662 2166 idem
1682 2105 1851 2167 Dorothea
1874 2105 1972 2166 haber

418 2219 514 2280 aliurn
540 2213 697 2278 maritum.
723 2211 805 2272 dixit
831 2213 931 2280 testis,
966 2213 1053 2290 quod
1079 2231 1142 2270 non
1168 2211 1274 2272 habet.
1302 2211 1530 2290 Interrogatus.
1564 2215 1589 2273 si
1614 2214 1692 2274 vidit
1717 2233 1774 2274 eos
1798 2213 1972 2291 aliquando

418 2331 573 2386 coeuntes
598 2319 699 2386 sirnul,
734 2319 901 2398 respondit
934 2321 1034 2382 testis.
1071 2317 1158 2397 qnod
1192 2337 1254 2378 non
1282 2317 1367 2392 vidit,
1401 2320 1459 2379 sed
1483 2321 1698 2381 communiter
1730 2321 1821 2381 simul
1855 2321 1884 2379 in
1911 2337 1971 2378 una

418 2431 516 2492 donin
549 2440 581 2490 et
608 2447 670 2488 uno
704 2425 789 2484 lecto
815 2425 918 2484 iacere
950 2424 1099 2485 solebant
1149 2423 1380 2504 Interrogatus,
1414 2427 1439 2486 si
1464 2423 1686 2507 Sczawynsky
1721 2425 1797 2488 iacit
1830 2424 1969 2504 aliquam

417 2535 628 2616 diligenciam,
663 2543 696 2592 ut
723 2529 889 2592 llorothea
915 2529 1133 2611 Strusaynslra
1166 2551 1247 2592 uxor
1272 2552 1328 2590 sua
1354 2533 1412 2592 sibi
1438 2547 1653 2606 commaneat,
1686 2545 1719 2594 et
1744 2553 1842 2612 quare
1867 2533 1970 2610 ipsam

417 2641 686 2710 excommunicat,
719 2635 895 2716 respondit,
929 2638 1014 2716 quod
1042 2657 1105 2698 uon
1133 2649 1266 2716 propter
1290 2637 1558 2700 matrimonialem
1583 2639 1880 2712 cohabitacionem,
1913 2637 1970 2698 sed

418 2758 552 2832 propter
576 2747 661 2808 bona
686 2743 880 2806 hereditaria
913 2757 944 2805 et
970 2747 997 2804 vi
1025 2765 1095 2804 earn
1121 2747 1309 2826 accipiebat,
1343 2746 1400 2806 sed
1427 2757 1534 2806 tamen
1560 2745 1609 2806 illa
1634 2759 1778 2824 accepta,
1813 2745 1969 2826 prefatam

418 2855 620 2918 Dorntlream
654 2850 826 2932 Sdbycalta
860 2871 923 2912 non
948 2851 1146 2920 dImittebat,
1179 2873 1238 2913 nec
1269 2853 1435 2934 hucusque
1468 2855 1599 2925 dimisit,
1633 2855 1690 2915 sed
1723 2873 1794 2914 cum
1821 2873 1860 2914 ea
1884 2851 1970 2913 solus

417 2962 598 3026 dormiebat
631 2959 767 3040 expulsa
801 2977 910 3026 uxore,
942 2960 987 3019 ita
1014 2959 1100 3038 quod
1130 2961 1233 3040 ipsam
1261 2957 1460 3021 Dorotheam
1495 2981 1628 3022 uxorem
1661 2961 1837 3038 oportebat
1867 2961 1970 3019 iacere

417 3071 446 3132 ln
472 3068 549 3132 suno
573 3067 650 3128 alias
675 3087 705 3127 ru
729 3065 869 3144 lurrlqerr,
894 3077 927 3128 et
952 3067 1022 3146 ipsa
1048 3086 1129 3128 uxor
1155 3068 1266 3128 iterum
1293 3079 1324 3126 et
1349 3069 1464 3127 iterum
1491 3067 1666 3148 aufugebat
1691 3078 1825 3147 propter
1842 3067 1970 3126 iniurias

416 3187 448 3240 et
475 3175 698 3258 percussiones
725 3193 782 3253 per·
805 3193 877 3234 eum
904 3173 962 3232 sibi
990 3173 1105 3248 illatas;
1131 3185 1163 3232 et
1189 3185 1313 3234 tantum
1341 3177 1434 3235 testis
1458 3175 1641 3254 deposuit..

523 3279 744 3342 Secundus
773 3281 867 3340 testis
894 3277 1008 3340 nobilis
1033 3279 1173 3340 ntuthtas
1198 3279 1238 3340 de
1256 3277 1433 3342 Sborzewo
1457 3282 1666 3342 advocatus..
1692 3283 1919 3358 interrogatus,
1944 3278 1968 3338 si

416 3391 475 3450 scit
500 3405 530 3450 et
551 3385 717 3468 qtumtodo
742 3386 809 3460 scit,
835 3386 922 3466 quod
940 3385 1161 3467 Scaawynslty
1179 3385 1302 3448 foveret
1328 3389 1540 3458 meretricem,
1567 3400 1814 3467 propterquam
1832 3399 1967 3446 uxorem

416 3496 534 3558 iniuriis
567 3491 719 3560 alliceret,
758 3492 958 3566 respoudit..
993 3493 1080 3572 quod
1113 3494 1187 3554 ideo
1212 3496 1280 3560 seit,
1317 3496 1388 3574 quia
1414 3495 1455 3555 ibi
1481 3515 1583 3574 penes
1615 3507 1648 3556 et
1672 3497 1756 3555 circa
1787 3492 1968 3570 Sceawyno

415 3601 511 3664 babet
546 3601 675 3670 runicus,
712 3619 753 3660 ex
779 3599 895 3678 quibus
920 3601 979 3660 seit
1011 3611 1043 3660 et
1069 3602 1231 3680 precipue,
1264 3601 1337 3679 quia
1369 3603 1490 3662 audivit
1522 3613 1667 3662 amatre
1700 3619 1766 3672 sua,
1802 3597 1967 3679 quomodo

417 3707 541 3788 prelata
570 3705 735 3768 Ilorotlrea
761 3703 933 3785 Sdlryealra
966 3705 1115 3766 consessa
1139 3717 1187 3768 est
1213 3727 1320 3767 coram
1355 3695 1468 3786 prelati
1503 3709 1597 3769 testis
1628 3717 1739 3780 matre,
1776 3706 1862 3786 quod
1895 3723 1966 3765 cum

415 3813 636 3896 Seanwynslty
662 3813 743 3874 solet
777 3811 916 3872 dormite
949 3823 980 3873 et
1005 3823 1096 3873 actus
1129 3811 1234 3874 Iacere
1259 3825 1319 3875 etc.
1353 3825 1385 3876 et
1411 3816 1504 3894 quod,
1531 3825 1580 3874 est
1613 3813 1793 3874 communis
1824 3810 1911 3871 sarna
1935 3821 1967 3870 et

414 3923 533 4002 opinio.
574 3919 802 3996 Interrogatus,
837 3939 935 3996 ‹prare
967 3921 1071 4000 ipsam
1105 3923 1375 3988 exeotnmunieat,
1408 3923 1488 3982 dixit
1513 3923 1612 3992 testis,
1646 3920 1733 4000 quod
1759 3919 1833 3979 ideo
1861 3919 1965 3998 ipsam

415 4027 674 4088 exerunmuuieat
707 4039 738 4086 et
765 4027 793 4086 vi
820 4027 922 4104 ipsam
956 4029 1135 4106 accipiebat
1172 4041 1306 4108 propter
1339 4029 1425 4089 bona
1448 4029 1642 4090 hereditaria
1675 4039 1707 4088 et
1741 4047 1805 4086 non
1830 4035 1966 4106 propter

415 4133 663 4196 matrimonium.
704 4131 933 4212 Interrogatus,
966 4135 1117 4213 quamdiu
1142 4135 1235 4197 duxit
1267 4137 1296 4196 io
1323 4157 1458 4197 uxorem
1492 4137 1611 4197 dictam
1639 4132 1837 4194 Dorotheam
1863 4131 1965 4192 Strus·

414 4241 555 4320 sayuslra
587 4253 618 4300 et
645 4239 669 4298 si
695 4237 868 4318 aliquando
893 4241 951 4300 sibi
977 4242 1213 4310 commanebat,
1247 4253 1343 4322 prout
1367 4245 1476 4318 decet;
1508 4240 1683 4320 respondit,
1717 4241 1803 4318 quod
1835 4257 1967 4317 semper

415 4359 482 4408 erat
509 4347 591 4406 inter
616 4365 673 4404 eos
698 4365 794 4418 error,
820 4359 850 4407 et
876 4347 936 4407 scit
959 4365 996 4407 ac
1014 4349 1134 4408 audivit
1159 4352 1258 4410 asnis
1277 4351 1474 4428 propinquis,
1500 4349 1587 4428 quod
1613 4367 1740 4426 semper
1764 4365 1835 4407 earn
1861 4345 1966 4405 verbis

414 4453 573 4514 Iniuriosis
598 4451 792 4532 iucrepabat,
817 4451 941 4514 dicens:
967 4451 1051 4532 Quid
1077 4476 1112 4515 es
1136 4469 1170 4516 tu
1191 4458 1307 4528 vetula,
1332 4478 1395 4536 ego
1419 4457 1526 4516 habeo
1552 4453 1736 4533 pulcriores,
1761 4451 1965 4513 amabiliores

414 4571 446 4622 et
472 4557 543 4640 plus
568 4555 775 4620 delectabiles
799 4559 889 4636 satis;
914 4573 945 4621 et
971 4571 1095 4622 tautum
1126 4563 1217 4624 testiS
1242 4563 1425 4641 deposuit..

628 4747 668 4810 A.
700 4751 788 4830 1508,
814 4749 978 4812 Februarii
1006 4767 1033 4832 7,
1060 4754 1089 4812 in
1116 4753 1282 4814 Polton'slt
1307 4756 1336 4814 in
1362 4756 1447 4814 curia
1473 4754 1660 4833 episcopali.

521 4871 610 4940 2llll.
643 4873 740 4954 (eluta
765 4879 862 4956 episc.
887 4877 970 4956 Iul..
1004 4877 1159 4940 Testes
1184 4899 1243 4959 pro
1270 4893 1361 4956 parte
1386 4880 1501 4938 nobilis
1527 4877 1662 4939 Adriani
1687 4876 1727 4935 de
1753 4875 1906 4937 Golimno
1930 4883 1963 4934 et

413 4995 524 5046 contra
550 4981 723 5044 discretum
749 4981 926 5044 Iohannem
952 4981 1060 5044 Slassa
1087 4987 1298 5064 presbiterum
1324 4986 1444 5047 Inducti
1470 4997 1502 5044 et
1528 4984 1715 5044 examiati:

521 5088 680 5150 l'rirnus
705 5091 797 5152 testiS
823 5091 937 5152 nobibs
961 5089 1114 5152 Andreas
1138 5093 1178 5153 de
1203 5092 1398 5152 Ziromino..
1422 5093 1650 5172 interrogatus,
1675 5111 1715 5150 an
1739 5089 1796 5149 suit
1821 5107 1964 5168 presens,

413 5195 543 5278 r‘praudu
576 5195 737 5258 Iohannes
760 5195 867 5258 Slassa
900 5197 981 5258 deit
1013 5211 1045 5258 et
1072 5197 1176 5260 intulit
1209 5201 1307 5259 verba
1339 5201 1489 5260 iniuriosa
1525 5211 1557 5260 et
1582 5199 1786 5260 honestatem
1819 5197 1962 5256 eiusdem

413 5302 546 5366 Ildriaui
572 5303 785 5384 denigraneia.
817 5305 1003 5384 deposuit..
1028 5307 1101 5386 quin
1127 5308 1215 5367 veuit
1240 5327 1312 5366 cum
1339 5305 1438 5366 Paulo
1464 5305 1554 5366 Lada
1586 5305 1627 5366 ad
1651 5307 1783 5365 domum
1813 5315 1961 5362 vocatam

412 5409 594 5473 nlenten-a
619 5425 651 5474 et
676 5413 718 5474 ibi
743 5413 805 5474 Iam
830 5425 899 5474 erat
924 5410 1084 5473 Iohannes
1108 5411 1226 5484 Slassa,
1259 5425 1335 5474 tunc
1360 5415 1453 5472 testis
1478 5415 1563 5472 misit
1597 5431 1656 5490 pro
1681 5413 1830 5469 carnibus
1861 5410 1963 5469 etsie

413 5519 533 5600 portati
558 5531 631 5580 sunt
657 5522 704 5580 eis
728 5541 841 5582 earnes
866 5532 962 5582 noete
987 5533 1019 5582 et
1044 5522 1261 5581 comedebant
1286 5521 1414 5589 ibidem,
1447 5523 1660 5598 quoadusque
1684 5529 1837 5584 assatura,
1865 5535 1960 5594 quam

412 5627 503 5688 testis
536 5647 595 5708 prn
619 5647 654 5688 se
688 5625 809 5690 lecerat
840 5647 957 5700 assare,
994 5639 1026 5688 et
1050 5627 1175 5687 iuterim
1209 5625 1369 5686 lohannes
1400 5623 1509 5686 Slassa
1541 5628 1682 5686 surrexit
1712 5635 1744 5685 et
1769 5624 1893 5702 accepit
1920 5621 1963 5681 de
