<?xml version="1.0" encoding="UTF-8"?>
<!DOCTYPE html PUBLIC "-//W3C//DTD XHTML 1.0 Transitional//EN"
    "http://www.w3.org/TR/xhtml1/DTD/xhtml1-transitional.dtd">
<html xmlns="http://www.w3.org/1999/xhtml" xml:lang="en" lang="en">
 <head>
  <title>
</title>
<meta http-equiv="Content-Type" content="text/html;charset=utf-8" />
  <meta name='ocr-system' content='tesseract 3.04.00' />
  <meta name='ocr-capabilities' content='ocr_page ocr_carea ocr_par ocr_line ocrx_word'/>
</head>
<body>
  <div class='ocr_page' id='page_1' title='image "actacapitulorum01czubgoog_0097.png"; bbox 0 0 4458 6674; ppageno 0'>
   <div class='ocr_carea' id='block_1_1' title="bbox 867 687 1249 744">
    <p class='ocr_par' dir='ltr' id='par_1_1' title="bbox 867 687 1249 744">
     <span class='ocr_line' id='line_1_1' title="bbox 867 687 1249 744; baseline 0.005 -4"><span class='ocrx_word' id='word_1_1' title='bbox 867 691 1048 742; x_wconf 85' lang='lat' dir='ltr'>ANNORUM</span> <span class='ocrx_word' id='word_1_2' title='bbox 1066 687 1249 744; x_wconf 76' lang='lat' dir='ltr'>tout-1502.</span> 
     </span>
    </p>
   </div>
   <div class='ocr_carea' id='block_1_2' title="bbox 493 902 1500 986">
    <p class='ocr_par' dir='ltr' id='par_1_2' title="bbox 493 902 1500 986">
     <span class='ocr_line' id='line_1_2' title="bbox 493 902 1500 986; baseline 0 -20"><span class='ocrx_word' id='word_1_3' title='bbox 493 903 536 967; x_wconf 92' lang='lat' dir='ltr'>A.</span> <span class='ocrx_word' id='word_1_4' title='bbox 566 918 657 986; x_wconf 83' lang='lat'>1502,</span> <span class='ocrx_word' id='word_1_5' title='bbox 682 904 848 968; x_wconf 83' lang='lat' dir='ltr'>Februarii</span> <span class='ocrx_word' id='word_1_6' title='bbox 872 923 902 984; x_wconf 85' lang='lat'>4,</span> <span class='ocrx_word' id='word_1_7' title='bbox 926 905 958 966; x_wconf 92' lang='lat' dir='ltr'>in</span> <span class='ocrx_word' id='word_1_8' title='bbox 982 905 1121 985; x_wconf 89' lang='lat' dir='ltr'>Iunyecz</span> <span class='ocrx_word' id='word_1_9' title='bbox 1144 903 1177 965; x_wconf 90' lang='lat' dir='ltr'>in</span> <span class='ocrx_word' id='word_1_10' title='bbox 1201 904 1287 966; x_wconf 88' lang='lat' dir='ltr'>curia</span> <span class='ocrx_word' id='word_1_11' title='bbox 1312 902 1500 985; x_wconf 88' lang='lat' dir='ltr'>episcopali.</span> 
     </span>
    </p>
   </div>
   <div class='ocr_carea' id='block_1_3' title="bbox 279 1025 1902 2716">
    <p class='ocr_par' dir='ltr' id='par_1_3' title="bbox 279 1025 1902 2716">
     <span class='ocr_line' id='line_1_3' title="bbox 388 1025 1836 1112; baseline -0.004 -16"><span class='ocrx_word' id='word_1_12' title='bbox 388 1025 479 1096; x_wconf 83' lang='lat'><strong>204.</strong></span> <span class='ocrx_word' id='word_1_13' title='bbox 503 1030 603 1110; x_wconf 87' lang='lat' dir='ltr'>(Acta</span> <span class='ocrx_word' id='word_1_14' title='bbox 626 1032 724 1110; x_wconf 86' lang='lat' dir='ltr'><strong>episc.</strong></span> <span class='ocrx_word' id='word_1_15' title='bbox 749 1029 858 1112; x_wconf 78' lang='lat' dir='ltr'>Vlll..</span> <span class='ocrx_word' id='word_1_16' title='bbox 884 1031 1002 1093; x_wconf 85' lang='lat' dir='ltr'>Coram</span> <span class='ocrx_word' id='word_1_17' title='bbox 1027 1029 1148 1092; x_wconf 88' lang='lat' dir='ltr'>Rmo..</span> <span class='ocrx_word' id='word_1_18' title='bbox 1172 1029 1238 1092; x_wconf 94' lang='lat' dir='ltr'>dno</span> <span class='ocrx_word' id='word_1_19' title='bbox 1263 1028 1445 1092; x_wconf 91' lang='lat' dir='ltr'>Vincencio</span> <span class='ocrx_word' id='word_1_20' title='bbox 1469 1027 1509 1092; x_wconf 93' lang='lat' dir='ltr'>D.</span> <span class='ocrx_word' id='word_1_21' title='bbox 1526 1049 1556 1109; x_wconf 94' lang='lat' dir='ltr'>g.</span> <span class='ocrx_word' id='word_1_22' title='bbox 1581 1029 1740 1109; x_wconf 89' lang='lat' dir='ltr'>episcopo</span> <span class='ocrx_word' id='word_1_23' title='bbox 1763 1027 1836 1090; x_wconf 85' lang='lat' dir='ltr'>Flo·</span> 
     </span>
     <span class='ocr_line' id='line_1_4' title="bbox 281 1135 1834 1218; baseline -0.003 -16"><span class='ocrx_word' id='word_1_24' title='bbox 281 1139 369 1202; x_wconf 91' lang='lat' dir='ltr'>censi</span> <span class='ocrx_word' id='word_1_25' title='bbox 392 1158 587 1218; x_wconf 92' lang='lat' dir='ltr'>comparens</span> <span class='ocrx_word' id='word_1_26' title='bbox 618 1137 736 1200; x_wconf 90' lang='lat' dir='ltr'>nobilis</span> <span class='ocrx_word' id='word_1_27' title='bbox 759 1137 859 1200; x_wconf 88' lang='lat' dir='ltr'>Pelka</span> <span class='ocrx_word' id='word_1_28' title='bbox 890 1139 930 1200; x_wconf 93' lang='lat' dir='ltr'>de</span> <span class='ocrx_word' id='word_1_29' title='bbox 955 1137 1120 1199; x_wconf 75' lang='lat' dir='ltr'>Wronslra</span> <span class='ocrx_word' id='word_1_30' title='bbox 1151 1147 1263 1199; x_wconf 88' lang='lat' dir='ltr'>contra</span> <span class='ocrx_word' id='word_1_31' title='bbox 1296 1136 1437 1200; x_wconf 91' lang='lat' dir='ltr'>nobilem</span> <span class='ocrx_word' id='word_1_32' title='bbox 1462 1135 1618 1199; x_wconf 85' lang='lat' dir='ltr'>Fredrich</span> <span class='ocrx_word' id='word_1_33' title='bbox 1650 1136 1690 1198; x_wconf 93' lang='lat' dir='ltr'>de</span> <span class='ocrx_word' id='word_1_34' title='bbox 1714 1135 1834 1198; x_wconf 89' lang='lat' dir='ltr'>ibidem</span> 
     </span>
     <span class='ocr_line' id='line_1_5' title="bbox 282 1242 1835 1328; baseline -0.003 -20"><span class='ocrx_word' id='word_1_35' title='bbox 282 1265 471 1328; x_wconf 85' lang='lat' dir='ltr'>germanum</span> <span class='ocrx_word' id='word_1_36' title='bbox 505 1265 597 1307; x_wconf 93' lang='lat' dir='ltr'>suum</span> <span class='ocrx_word' id='word_1_37' title='bbox 623 1254 808 1327; x_wconf 87' lang='lat' dir='ltr'>presentem</span> <span class='ocrx_word' id='word_1_38' title='bbox 839 1245 941 1307; x_wconf 91' lang='lat' dir='ltr'>verbo</span> <span class='ocrx_word' id='word_1_39' title='bbox 966 1245 1147 1327; x_wconf 81' lang='lat' dir='ltr'>proposuit,</span> <span class='ocrx_word' id='word_1_40' title='bbox 1180 1242 1348 1326; x_wconf 91' lang='lat' dir='ltr'>quomodo</span> <span class='ocrx_word' id='word_1_41' title='bbox 1379 1245 1450 1324; x_wconf 90' lang='lat' dir='ltr'>ipse</span> <span class='ocrx_word' id='word_1_42' title='bbox 1474 1242 1629 1305; x_wconf 86' lang='lat' dir='ltr'>Fredrich</span> <span class='ocrx_word' id='word_1_43' title='bbox 1661 1246 1693 1305; x_wconf 93' lang='lat' dir='ltr'>in</span> <span class='ocrx_word' id='word_1_44' title='bbox 1718 1244 1835 1306; x_wconf 86' lang='lat' dir='ltr'>domus</span> 
     </span>
     <span class='ocr_line' id='line_1_6' title="bbox 281 1343 1835 1433; baseline -0.001 -17"><span class='ocrx_word' id='word_1_45' title='bbox 281 1373 338 1416; x_wconf 89' lang='lat' dir='ltr'>sue</span> <span class='ocrx_word' id='word_1_46' title='bbox 369 1363 402 1415; x_wconf 92' lang='lat' dir='ltr'>et</span> <span class='ocrx_word' id='word_1_47' title='bbox 426 1351 545 1416; x_wconf 83' lang='lat' dir='ltr'>familie</span> <span class='ocrx_word' id='word_1_48' title='bbox 575 1353 824 1415; x_wconf 86' lang='lat' dir='ltr'>minorationem</span> <span class='ocrx_word' id='word_1_49' title='bbox 861 1373 898 1414; x_wconf 91' lang='lat' dir='ltr'>ac</span> <span class='ocrx_word' id='word_1_50' title='bbox 929 1355 1041 1416; x_wconf 90' lang='lat' dir='ltr'>uxon&#39;s</span> <span class='ocrx_word' id='word_1_51' title='bbox 1072 1372 1129 1415; x_wconf 91' lang='lat' dir='ltr'>sue</span> <span class='ocrx_word' id='word_1_52' title='bbox 1159 1343 1488 1427; x_wconf 74' lang='lat' dir='ltr'>&#39;dehonestacionem</span> <span class='ocrx_word' id='word_1_53' title='bbox 1524 1351 1769 1433; x_wconf 87' lang='lat' dir='ltr'>depressionem</span> <span class='ocrx_word' id='word_1_54' title='bbox 1801 1361 1835 1414; x_wconf 89' lang='lat' dir='ltr'>et</span> 
     </span>
     <span class='ocr_line' id='line_1_7' title="bbox 280 1459 1835 1542; baseline -0.001 -20"><span class='ocrx_word' id='word_1_55' title='bbox 280 1461 437 1523; x_wconf 87' lang='lat' dir='ltr'>iacturam</span> <span class='ocrx_word' id='word_1_56' title='bbox 462 1460 675 1522; x_wconf 86' lang='lat' dir='ltr'>concubinam</span> <span class='ocrx_word' id='word_1_57' title='bbox 700 1479 800 1534; x_wconf 90' lang='lat' dir='ltr'>suam,</span> <span class='ocrx_word' id='word_1_58' title='bbox 825 1481 885 1542; x_wconf 91' lang='lat' dir='ltr'>pro</span> <span class='ocrx_word' id='word_1_59' title='bbox 902 1480 966 1542; x_wconf 91' lang='lat' dir='ltr'>qua</span> <span class='ocrx_word' id='word_1_60' title='bbox 987 1459 1181 1522; x_wconf 83' lang='lat' dir='ltr'>multociens</span> <span class='ocrx_word' id='word_1_61' title='bbox 1205 1459 1506 1521; x_wconf 89' lang='lat' dir='ltr'>excommunicatus</span> <span class='ocrx_word' id='word_1_62' title='bbox 1530 1459 1694 1533; x_wconf 86' lang='lat' dir='ltr'>extiterat,</span> <span class='ocrx_word' id='word_1_63' title='bbox 1717 1459 1749 1519; x_wconf 88' lang='lat' dir='ltr'>in</span> <span class='ocrx_word' id='word_1_64' title='bbox 1768 1477 1835 1520; x_wconf 90' lang='lat' dir='ltr'>sca·</span> 
     </span>
     <span class='ocr_line' id='line_1_8' title="bbox 280 1563 1836 1648; baseline -0.002 -19"><span class='ocrx_word' id='word_1_65' title='bbox 280 1566 366 1630; x_wconf 89' lang='lat' dir='ltr'>bello</span> <span class='ocrx_word' id='word_1_66' title='bbox 390 1569 502 1630; x_wconf 87' lang='lat' dir='ltr'>matris</span> <span class='ocrx_word' id='word_1_67' title='bbox 526 1587 637 1629; x_wconf 91' lang='lat' dir='ltr'>eorum</span> <span class='ocrx_word' id='word_1_68' title='bbox 662 1577 810 1648; x_wconf 86' lang='lat' dir='ltr'>poneret,</span> <span class='ocrx_word' id='word_1_69' title='bbox 841 1587 978 1630; x_wconf 88' lang='lat' dir='ltr'>uxorem</span> <span class='ocrx_word' id='word_1_70' title='bbox 1003 1585 1094 1629; x_wconf 88' lang='lat' dir='ltr'>suam</span> <span class='ocrx_word' id='word_1_71' title='bbox 1118 1567 1293 1647; x_wconf 84' lang='lat' dir='ltr'>legitimam</span> <span class='ocrx_word' id='word_1_72' title='bbox 1325 1565 1401 1626; x_wconf 92' lang='lat' dir='ltr'>inde</span> <span class='ocrx_word' id='word_1_73' title='bbox 1424 1563 1549 1645; x_wconf 89' lang='lat' dir='ltr'>pellens</span> <span class='ocrx_word' id='word_1_74' title='bbox 1583 1575 1615 1627; x_wconf 89' lang='lat' dir='ltr'>et</span> <span class='ocrx_word' id='word_1_75' title='bbox 1639 1585 1712 1627; x_wconf 91' lang='lat' dir='ltr'>cum</span> <span class='ocrx_word' id='word_1_76' title='bbox 1736 1563 1836 1626; x_wconf 92' lang='lat' dir='ltr'>deho-</span> 
     </span>
     <span class='ocr_line' id='line_1_9' title="bbox 281 1670 1833 1755; baseline -0.001 -19"><span class='ocrx_word' id='word_1_77' title='bbox 281 1675 469 1736; x_wconf 89' lang='lat' dir='ltr'>nestacione</span> <span class='ocrx_word' id='word_1_78' title='bbox 494 1676 621 1746; x_wconf 85' lang='lat' dir='ltr'>eiciens,</span> <span class='ocrx_word' id='word_1_79' title='bbox 646 1684 743 1755; x_wconf 91' lang='lat' dir='ltr'>prout</span> <span class='ocrx_word' id='word_1_80' title='bbox 766 1684 859 1737; x_wconf 90' lang='lat' dir='ltr'>certo</span> <span class='ocrx_word' id='word_1_81' title='bbox 882 1674 934 1736; x_wconf 89' lang='lat' dir='ltr'>die</span> <span class='ocrx_word' id='word_1_82' title='bbox 958 1673 1093 1755; x_wconf 89' lang='lat' dir='ltr'>pepulit,</span> <span class='ocrx_word' id='word_1_83' title='bbox 1117 1675 1240 1735; x_wconf 88' lang='lat' dir='ltr'>amovit</span> <span class='ocrx_word' id='word_1_84' title='bbox 1264 1683 1297 1735; x_wconf 90' lang='lat' dir='ltr'>et</span> <span class='ocrx_word' id='word_1_85' title='bbox 1321 1673 1416 1734; x_wconf 90' lang='lat' dir='ltr'>eiecit</span> <span class='ocrx_word' id='word_1_86' title='bbox 1440 1691 1578 1734; x_wconf 90' lang='lat' dir='ltr'>unacum</span> <span class='ocrx_word' id='word_1_87' title='bbox 1603 1670 1667 1735; x_wconf 87' lang='lat' dir='ltr'>lilia</span> <span class='ocrx_word' id='word_1_88' title='bbox 1689 1671 1833 1734; x_wconf 89' lang='lat' dir='ltr'>eiusdem</span> 
     </span>
     <span class='ocr_line' id='line_1_10' title="bbox 281 1763 1902 1863; baseline -0.001 -22"><span class='ocrx_word' id='word_1_89' title='bbox 281 1783 311 1843; x_wconf 85' lang='lat' dir='ltr'>in</span> <span class='ocrx_word' id='word_1_90' title='bbox 328 1782 472 1844; x_wconf 87' lang='lat' dir='ltr'>dedecus</span> <span class='ocrx_word' id='word_1_91' title='bbox 495 1783 606 1846; x_wconf 88' lang='lat' dir='ltr'>uxoris</span> <span class='ocrx_word' id='word_1_92' title='bbox 631 1791 664 1844; x_wconf 89' lang='lat' dir='ltr'>et</span> <span class='ocrx_word' id='word_1_93' title='bbox 688 1781 750 1843; x_wconf 86' lang='lat' dir='ltr'>filie</span> <span class='ocrx_word' id='word_1_94' title='bbox 775 1802 841 1855; x_wconf 90' lang='lat' dir='ltr'>sue,</span> <span class='ocrx_word' id='word_1_95' title='bbox 864 1792 983 1863; x_wconf 90' lang='lat' dir='ltr'>petens</span> <span class='ocrx_word' id='word_1_96' title='bbox 1007 1782 1067 1844; x_wconf 91' lang='lat' dir='ltr'>sibi</span> <span class='ocrx_word' id='word_1_97' title='bbox 1091 1799 1164 1842; x_wconf 92' lang='lat' dir='ltr'>cum</span> <span class='ocrx_word' id='word_1_98' title='bbox 1188 1763 1305 1843; x_wconf 81' lang='lat' dir='ltr'>eodem</span> <span class='ocrx_word' id='word_1_99' title='bbox 1329 1779 1605 1860; x_wconf 88' lang='lat' dir='ltr'>complementum</span> <span class='ocrx_word' id='word_1_100' title='bbox 1630 1779 1755 1842; x_wconf 90' lang='lat' dir='ltr'>iusticie</span> <span class='ocrx_word' id='word_1_101' title='bbox 1779 1781 1834 1840; x_wconf 91' lang='lat' dir='ltr'>mi·</span> <span class='ocrx_word' id='word_1_102' title='bbox 1898 1845 1902 1854; x_wconf 23' lang='grc' dir='ltr'><strong>Δ</strong></span> 
     </span>
     <span class='ocr_line' id='line_1_11' title="bbox 281 1886 1835 1969; baseline 0 -19"><span class='ocrx_word' id='word_1_103' title='bbox 281 1889 425 1951; x_wconf 88' lang='lat' dir='ltr'>nistrare.</span> <span class='ocrx_word' id='word_1_104' title='bbox 464 1888 517 1952; x_wconf 86' lang='lat' dir='ltr'>Ex</span> <span class='ocrx_word' id='word_1_105' title='bbox 541 1889 680 1951; x_wconf 87' lang='lat' dir='ltr'>adverso</span> <span class='ocrx_word' id='word_1_106' title='bbox 713 1889 829 1952; x_wconf 88' lang='lat' dir='ltr'>nobilis</span> <span class='ocrx_word' id='word_1_107' title='bbox 860 1887 1014 1952; x_wconf 90' lang='lat' dir='ltr'>Fredrich</span> <span class='ocrx_word' id='word_1_108' title='bbox 1048 1886 1279 1969; x_wconf 91' lang='lat' dir='ltr'>respondendo</span> <span class='ocrx_word' id='word_1_109' title='bbox 1310 1887 1532 1968; x_wconf 90' lang='lat' dir='ltr'>proposicioni</span> <span class='ocrx_word' id='word_1_110' title='bbox 1556 1887 1646 1962; x_wconf 88' lang='lat' dir='ltr'>dixit,</span> <span class='ocrx_word' id='word_1_111' title='bbox 1678 1886 1767 1968; x_wconf 91' lang='lat' dir='ltr'>quod</span> <span class='ocrx_word' id='word_1_112' title='bbox 1791 1907 1835 1950; x_wconf 88' lang='lat' dir='ltr'>ex</span> 
     </span>
     <span class='ocr_line' id='line_1_12' title="bbox 280 1993 1835 2078; baseline -0.002 -21"><span class='ocrx_word' id='word_1_113' title='bbox 280 2016 345 2077; x_wconf 93' lang='lat' dir='ltr'>quo</span> <span class='ocrx_word' id='word_1_114' title='bbox 369 2016 433 2077; x_wconf 88' lang='lat' dir='ltr'>ego</span> <span class='ocrx_word' id='word_1_115' title='bbox 457 2015 526 2060; x_wconf 91' lang='lat' dir='ltr'>sum</span> <span class='ocrx_word' id='word_1_116' title='bbox 552 2007 709 2078; x_wconf 88' lang='lat' dir='ltr'>patronus</span> <span class='ocrx_word' id='word_1_117' title='bbox 733 1997 879 2072; x_wconf 89' lang='lat' dir='ltr'>ecclesie,</span> <span class='ocrx_word' id='word_1_118' title='bbox 911 2007 1008 2078; x_wconf 91' lang='lat' dir='ltr'>prout</span> <span class='ocrx_word' id='word_1_119' title='bbox 1032 1995 1132 2060; x_wconf 87' lang='lat' dir='ltr'>claret</span> <span class='ocrx_word' id='word_1_120' title='bbox 1156 2015 1198 2058; x_wconf 88' lang='lat' dir='ltr'>ex</span> <span class='ocrx_word' id='word_1_121' title='bbox 1222 1994 1337 2058; x_wconf 89' lang='lat' dir='ltr'>litteris</span> <span class='ocrx_word' id='word_1_122' title='bbox 1361 1994 1550 2056; x_wconf 87' lang='lat' dir='ltr'>donacionis</span> <span class='ocrx_word' id='word_1_123' title='bbox 1574 1993 1670 2056; x_wconf 90' lang='lat' dir='ltr'>michi</span> <span class='ocrx_word' id='word_1_124' title='bbox 1698 2015 1757 2076; x_wconf 90' lang='lat' dir='ltr'>per</span> <span class='ocrx_word' id='word_1_125' title='bbox 1780 2013 1835 2075; x_wconf 91' lang='lat' dir='ltr'>pa·</span> 
     </span>
     <span class='ocr_line' id='line_1_13' title="bbox 281 2085 1834 2185; baseline -0.003 -19"><span class='ocrx_word' id='word_1_126' title='bbox 281 2114 361 2166; x_wconf 89' lang='lat' dir='ltr'>trem</span> <span class='ocrx_word' id='word_1_127' title='bbox 387 2103 489 2178; x_wconf 75' lang='lat' dir='ltr'>lactis</span> <span class='ocrx_word' id='word_1_128' title='bbox 521 2104 642 2168; x_wconf 91' lang='lat' dir='ltr'>licitum</span> <span class='ocrx_word' id='word_1_129' title='bbox 666 2115 718 2166; x_wconf 93' lang='lat' dir='ltr'>est</span> <span class='ocrx_word' id='word_1_130' title='bbox 749 2105 845 2166; x_wconf 92' lang='lat' dir='ltr'>michi</span> <span class='ocrx_word' id='word_1_131' title='bbox 871 2123 967 2185; x_wconf 92' lang='lat' dir='ltr'>quem</span> <span class='ocrx_word' id='word_1_132' title='bbox 992 2105 1068 2166; x_wconf 92' lang='lat' dir='ltr'>volo</span> <span class='ocrx_word' id='word_1_133' title='bbox 1099 2105 1130 2165; x_wconf 88' lang='lat' dir='ltr'>in</span> <span class='ocrx_word' id='word_1_134' title='bbox 1155 2102 1298 2166; x_wconf 90' lang='lat' dir='ltr'>scabello</span> <span class='ocrx_word' id='word_1_135' title='bbox 1322 2122 1397 2165; x_wconf 93' lang='lat' dir='ltr'>meo</span> <span class='ocrx_word' id='word_1_136' title='bbox 1430 2121 1552 2182; x_wconf 90' lang='lat' dir='ltr'>ponere</span> <span class='ocrx_word' id='word_1_137' title='bbox 1584 2111 1617 2164; x_wconf 90' lang='lat' dir='ltr'>et</span> <span class='ocrx_word' id='word_1_138' title='bbox 1641 2099 1758 2164; x_wconf 90' lang='lat' dir='ltr'>locare.</span> <span class='ocrx_word' id='word_1_139' title='bbox 1789 2085 1834 2162; x_wconf 81' lang='lat' dir='ltr'>Et</span> 
     </span>
     <span class='ocr_line' id='line_1_14' title="bbox 280 2207 1832 2293; baseline -0.002 -20"><span class='ocrx_word' id='word_1_140' title='bbox 280 2212 385 2273; x_wconf 89' lang='lat' dir='ltr'>Rmus</span> <span class='ocrx_word' id='word_1_141' title='bbox 408 2211 522 2274; x_wconf 72' lang='lat' dir='ltr'>dnus„</span> <span class='ocrx_word' id='word_1_142' title='bbox 547 2211 691 2273; x_wconf 88' lang='lat' dir='ltr'>decrevit</span> <span class='ocrx_word' id='word_1_143' title='bbox 715 2221 749 2274; x_wconf 94' lang='lat' dir='ltr'>et</span> <span class='ocrx_word' id='word_1_144' title='bbox 766 2212 939 2284; x_wconf 85' lang='lat' dir='ltr'>mandavit,</span> <span class='ocrx_word' id='word_1_145' title='bbox 964 2211 1051 2293; x_wconf 93' lang='lat' dir='ltr'>quod</span> <span class='ocrx_word' id='word_1_146' title='bbox 1070 2210 1224 2292; x_wconf 88' lang='lat' dir='ltr'>quamdiu</span> <span class='ocrx_word' id='word_1_147' title='bbox 1242 2212 1313 2292; x_wconf 93' lang='lat' dir='ltr'>ipse</span> <span class='ocrx_word' id='word_1_148' title='bbox 1329 2208 1485 2272; x_wconf 88' lang='lat' dir='ltr'>Fredrich</span> <span class='ocrx_word' id='word_1_149' title='bbox 1501 2227 1638 2270; x_wconf 90' lang='lat' dir='ltr'>uxorem</span> <span class='ocrx_word' id='word_1_150' title='bbox 1655 2207 1832 2288; x_wconf 87' lang='lat' dir='ltr'>legitimam</span> 
     </span>
     <span class='ocr_line' id='line_1_15' title="bbox 281 2316 1833 2398; baseline -0.003 -18"><span class='ocrx_word' id='word_1_151' title='bbox 281 2339 346 2381; x_wconf 93' lang='lat' dir='ltr'>non</span> <span class='ocrx_word' id='word_1_152' title='bbox 370 2320 508 2392; x_wconf 89' lang='lat' dir='ltr'>duxerit,</span> <span class='ocrx_word' id='word_1_153' title='bbox 532 2319 655 2382; x_wconf 92' lang='lat' dir='ltr'>tamdiu</span> <span class='ocrx_word' id='word_1_154' title='bbox 679 2317 800 2382; x_wconf 87' lang='lat' dir='ltr'>licitum</span> <span class='ocrx_word' id='word_1_155' title='bbox 824 2322 885 2382; x_wconf 89' lang='lat' dir='ltr'>erit</span> <span class='ocrx_word' id='word_1_156' title='bbox 901 2322 994 2382; x_wconf 89' lang='lat' dir='ltr'>uxori</span> <span class='ocrx_word' id='word_1_157' title='bbox 1019 2319 1118 2381; x_wconf 85' lang='lat' dir='ltr'>Pelka</span> <span class='ocrx_word' id='word_1_158' title='bbox 1143 2329 1176 2381; x_wconf 91' lang='lat' dir='ltr'>et</span> <span class='ocrx_word' id='word_1_159' title='bbox 1200 2317 1325 2380; x_wconf 85' lang='lat' dir='ltr'>filiabus</span> <span class='ocrx_word' id='word_1_160' title='bbox 1349 2317 1494 2379; x_wconf 85' lang='lat' dir='ltr'>eiusdem</span> <span class='ocrx_word' id='word_1_161' title='bbox 1520 2327 1596 2398; x_wconf 94' lang='lat' dir='ltr'>post</span> <span class='ocrx_word' id='word_1_162' title='bbox 1619 2316 1742 2378; x_wconf 92' lang='lat' dir='ltr'>dictum</span> <span class='ocrx_word' id='word_1_163' title='bbox 1767 2335 1833 2378; x_wconf 92' lang='lat' dir='ltr'>sca·</span> 
     </span>
     <span class='ocr_line' id='line_1_16' title="bbox 279 2423 1833 2508; baseline -0.005 -18"><span class='ocrx_word' id='word_1_164' title='bbox 279 2426 398 2490; x_wconf 91' lang='lat' dir='ltr'>bellum</span> <span class='ocrx_word' id='word_1_165' title='bbox 423 2423 569 2504; x_wconf 76' lang='lat' dir='ltr'>flectere:</span> <span class='ocrx_word' id='word_1_166' title='bbox 594 2437 768 2508; x_wconf 91' lang='lat' dir='ltr'>postquam</span> <span class='ocrx_word' id='word_1_167' title='bbox 794 2437 902 2490; x_wconf 91' lang='lat' dir='ltr'>autem</span> <span class='ocrx_word' id='word_1_168' title='bbox 928 2446 1062 2490; x_wconf 89' lang='lat' dir='ltr'>uxorem</span> <span class='ocrx_word' id='word_1_169' title='bbox 1088 2426 1267 2508; x_wconf 85' lang='lat' dir='ltr'>legitimam</span> <span class='ocrx_word' id='word_1_170' title='bbox 1291 2425 1434 2502; x_wconf 88' lang='lat' dir='ltr'>duxerit,</span> <span class='ocrx_word' id='word_1_171' title='bbox 1457 2433 1578 2486; x_wconf 89' lang='lat' dir='ltr'>extunc</span> <span class='ocrx_word' id='word_1_172' title='bbox 1601 2424 1651 2486; x_wconf 91' lang='lat' dir='ltr'>ius</span> <span class='ocrx_word' id='word_1_173' title='bbox 1674 2441 1781 2498; x_wconf 88' lang='lat' dir='ltr'>suum,</span> <span class='ocrx_word' id='word_1_174' title='bbox 1806 2423 1833 2484; x_wconf 90' lang='lat' dir='ltr'>si</span> 
     </span>
     <span class='ocr_line' id='line_1_17' title="bbox 281 2530 1832 2616; baseline -0.004 -20"><span class='ocrx_word' id='word_1_175' title='bbox 281 2533 369 2616; x_wconf 91' lang='lat' dir='ltr'>quod</span> <span class='ocrx_word' id='word_1_176' title='bbox 392 2533 500 2610; x_wconf 91' lang='lat' dir='ltr'>habet,</span> <span class='ocrx_word' id='word_1_177' title='bbox 524 2533 647 2597; x_wconf 88' lang='lat' dir='ltr'>salvum</span> <span class='ocrx_word' id='word_1_178' title='bbox 674 2535 782 2616; x_wconf 91' lang='lat' dir='ltr'>quoad</span> <span class='ocrx_word' id='word_1_179' title='bbox 806 2533 927 2598; x_wconf 91' lang='lat' dir='ltr'>dictum</span> <span class='ocrx_word' id='word_1_180' title='bbox 952 2532 1128 2597; x_wconf 90' lang='lat' dir='ltr'>scabellum</span> <span class='ocrx_word' id='word_1_181' title='bbox 1153 2533 1220 2598; x_wconf 88' lang='lat' dir='ltr'>erit.</span> <span class='ocrx_word' id='word_1_182' title='bbox 1246 2532 1455 2597; x_wconf 89' lang='lat' dir='ltr'>Presentibus</span> <span class='ocrx_word' id='word_1_183' title='bbox 1471 2530 1650 2602; x_wconf 87' lang='lat' dir='ltr'>Clemente,</span> <span class='ocrx_word' id='word_1_184' title='bbox 1674 2531 1832 2593; x_wconf 91' lang='lat' dir='ltr'>canonico</span> 
     </span>
     <span class='ocr_line' id='line_1_18' title="bbox 280 2639 890 2716; baseline 0.003 -13"><span class='ocrx_word' id='word_1_185' title='bbox 280 2639 487 2716; x_wconf 88' lang='lat' dir='ltr'>Poltoviensi,</span> <span class='ocrx_word' id='word_1_186' title='bbox 511 2651 545 2705; x_wconf 88' lang='lat' dir='ltr'>et</span> <span class='ocrx_word' id='word_1_187' title='bbox 568 2661 621 2703; x_wconf 91' lang='lat' dir='ltr'>me</span> <span class='ocrx_word' id='word_1_188' title='bbox 645 2643 772 2704; x_wconf 89' lang='lat' dir='ltr'>notario</span> <span class='ocrx_word' id='word_1_189' title='bbox 796 2643 890 2705; x_wconf 91' lang='lat' dir='ltr'>curie.</span> 
     </span>
    </p>
   </div>
   <div class='ocr_carea' id='block_1_4' title="bbox 492 2831 1302 2913">
    <p class='ocr_par' dir='ltr' id='par_1_4' title="bbox 492 2831 1302 2913">
     <span class='ocr_line' id='line_1_19' title="bbox 492 2831 1302 2913; baseline -0.002 -17"><span class='ocrx_word' id='word_1_190' title='bbox 492 2831 535 2896; x_wconf 88' lang='lat' dir='ltr'>A.</span> <span class='ocrx_word' id='word_1_191' title='bbox 564 2845 655 2913; x_wconf 80' lang='lat'>1502,</span> <span class='ocrx_word' id='word_1_192' title='bbox 679 2831 846 2894; x_wconf 90' lang='lat' dir='ltr'>Februarii</span> <span class='ocrx_word' id='word_1_193' title='bbox 873 2847 924 2904; x_wconf 89' lang='lat'>22,</span> <span class='ocrx_word' id='word_1_194' title='bbox 948 2833 978 2894; x_wconf 95' lang='lat' dir='ltr'>in</span> <span class='ocrx_word' id='word_1_195' title='bbox 1002 2834 1090 2894; x_wconf 89' lang='lat' dir='ltr'>curia</span> <span class='ocrx_word' id='word_1_196' title='bbox 1114 2832 1302 2913; x_wconf 90' lang='lat' dir='ltr'>episcopali.</span> 
     </span>
    </p>
   </div>
   <div class='ocr_carea' id='block_1_5' title="bbox 276 2955 1832 5708">
    <p class='ocr_par' dir='ltr' id='par_1_5' title="bbox 280 2955 1831 3253">
     <span class='ocr_line' id='line_1_20' title="bbox 386 2955 1831 3041; baseline -0.001 -17"><span class='ocrx_word' id='word_1_197' title='bbox 386 2955 807 3041; x_wconf 77' lang='lat' dir='ltr'>205.(Actaepisc.1a).</span> <span class='ocrx_word' id='word_1_198' title='bbox 846 2956 1003 3021; x_wconf 89' lang='lat' dir='ltr'>Testes</span> <span class='ocrx_word' id='word_1_199' title='bbox 1036 2956 1229 3039; x_wconf 80' lang='lat' dir='ltr'>infrascripti</span> <span class='ocrx_word' id='word_1_200' title='bbox 1260 2977 1322 3038; x_wconf 92' lang='lat' dir='ltr'>pro</span> <span class='ocrx_word' id='word_1_201' title='bbox 1345 2965 1439 3038; x_wconf 89' lang='lat' dir='ltr'>parte</span> <span class='ocrx_word' id='word_1_202' title='bbox 1470 2957 1588 3020; x_wconf 90' lang='lat' dir='ltr'>nobilis</span> <span class='ocrx_word' id='word_1_203' title='bbox 1610 2957 1766 3022; x_wconf 90' lang='lat' dir='ltr'>Bemardi</span> <span class='ocrx_word' id='word_1_204' title='bbox 1789 2959 1831 3022; x_wconf 91' lang='lat' dir='ltr'>de</span> 
     </span>
     <span class='ocr_line' id='line_1_21' title="bbox 280 3061 1831 3150; baseline -0.001 -21"><span class='ocrx_word' id='word_1_205' title='bbox 280 3067 396 3150; x_wconf 87' lang='lat' dir='ltr'>Bylino</span> <span class='ocrx_word' id='word_1_206' title='bbox 428 3077 462 3129; x_wconf 91' lang='lat' dir='ltr'>et</span> <span class='ocrx_word' id='word_1_207' title='bbox 485 3077 600 3130; x_wconf 90' lang='lat' dir='ltr'>contra</span> <span class='ocrx_word' id='word_1_208' title='bbox 632 3065 745 3127; x_wconf 92' lang='lat' dir='ltr'>honor.</span> <span class='ocrx_word' id='word_1_209' title='bbox 769 3063 965 3128; x_wconf 87' lang='lat' dir='ltr'>Stanislaum</span> <span class='ocrx_word' id='word_1_210' title='bbox 990 3066 1164 3147; x_wconf 89' lang='lat' dir='ltr'>plebanum</span> <span class='ocrx_word' id='word_1_211' title='bbox 1188 3065 1221 3126; x_wconf 93' lang='lat' dir='ltr'>in</span> <span class='ocrx_word' id='word_1_212' title='bbox 1245 3061 1409 3128; x_wconf 91' lang='lat' dir='ltr'>Sochowo</span> <span class='ocrx_word' id='word_1_213' title='bbox 1441 3084 1540 3146; x_wconf 92' lang='lat' dir='ltr'>super</span> <span class='ocrx_word' id='word_1_214' title='bbox 1563 3065 1773 3146; x_wconf 87' lang='lat' dir='ltr'>percussione</span> <span class='ocrx_word' id='word_1_215' title='bbox 1798 3074 1831 3128; x_wconf 90' lang='lat' dir='ltr'>et</span> 
     </span>
     <span class='ocr_line' id='line_1_22' title="bbox 280 3171 1351 3253; baseline -0.002 -17"><span class='ocrx_word' id='word_1_216' title='bbox 280 3175 494 3238; x_wconf 88' lang='lat' dir='ltr'>execracione</span> <span class='ocrx_word' id='word_1_217' title='bbox 518 3173 664 3238; x_wconf 88' lang='lat' dir='ltr'>cimiterii</span> <span class='ocrx_word' id='word_1_218' title='bbox 688 3174 718 3235; x_wconf 93' lang='lat' dir='ltr'>in</span> <span class='ocrx_word' id='word_1_219' title='bbox 743 3171 940 3236; x_wconf 89' lang='lat' dir='ltr'>Sochowo..</span> <span class='ocrx_word' id='word_1_220' title='bbox 965 3173 1150 3247; x_wconf 89' lang='lat' dir='ltr'>examinati,</span> <span class='ocrx_word' id='word_1_221' title='bbox 1175 3181 1208 3234; x_wconf 92' lang='lat' dir='ltr'>et</span> <span class='ocrx_word' id='word_1_222' title='bbox 1232 3173 1351 3253; x_wconf 91' lang='lat' dir='ltr'>primo:</span> 
     </span>
    </p>

    <p class='ocr_par' dir='ltr' id='par_1_6' title="bbox 276 3279 1832 5708">
     <span class='ocr_line' id='line_1_23' title="bbox 386 3279 1832 3364; baseline 0.003 -22"><span class='ocrx_word' id='word_1_223' title='bbox 386 3281 549 3344; x_wconf 89' lang='lat' dir='ltr'>Primus</span> <span class='ocrx_word' id='word_1_224' title='bbox 571 3281 666 3344; x_wconf 90' lang='lat' dir='ltr'>testis</span> <span class='ocrx_word' id='word_1_225' title='bbox 690 3279 806 3343; x_wconf 92' lang='lat' dir='ltr'>nobilis</span> <span class='ocrx_word' id='word_1_226' title='bbox 830 3279 989 3344; x_wconf 88' lang='lat' dir='ltr'>Albertus</span> <span class='ocrx_word' id='word_1_227' title='bbox 1013 3281 1054 3342; x_wconf 92' lang='lat' dir='ltr'>de</span> <span class='ocrx_word' id='word_1_228' title='bbox 1078 3279 1215 3343; x_wconf 91' lang='lat' dir='ltr'>Plone..</span> <span class='ocrx_word' id='word_1_229' title='bbox 1247 3280 1288 3343; x_wconf 93' lang='lat' dir='ltr'>de</span> <span class='ocrx_word' id='word_1_230' title='bbox 1312 3279 1409 3342; x_wconf 91' lang='lat' dir='ltr'>armis</span> <span class='ocrx_word' id='word_1_231' title='bbox 1433 3279 1586 3359; x_wconf 81' lang='lat' dir='ltr'>Prussy..</span> <span class='ocrx_word' id='word_1_232' title='bbox 1610 3283 1832 3364; x_wconf 86' lang='lat' dir='ltr'>interrogatus</span> 
     </span>
     <span class='ocr_line' id='line_1_24' title="bbox 280 3385 1831 3470; baseline -0.002 -18"><span class='ocrx_word' id='word_1_233' title='bbox 280 3409 378 3470; x_wconf 90' lang='lat' dir='ltr'>super</span> <span class='ocrx_word' id='word_1_234' title='bbox 402 3389 611 3469; x_wconf 89' lang='lat' dir='ltr'>percussione</span> <span class='ocrx_word' id='word_1_235' title='bbox 635 3387 788 3450; x_wconf 90' lang='lat' dir='ltr'>Bemardi</span> <span class='ocrx_word' id='word_1_236' title='bbox 813 3387 854 3450; x_wconf 92' lang='lat' dir='ltr'>de</span> <span class='ocrx_word' id='word_1_237' title='bbox 878 3387 995 3470; x_wconf 93' lang='lat' dir='ltr'>Bylino</span> <span class='ocrx_word' id='word_1_238' title='bbox 1019 3409 1079 3470; x_wconf 92' lang='lat' dir='ltr'>per</span> <span class='ocrx_word' id='word_1_239' title='bbox 1102 3387 1276 3470; x_wconf 90' lang='lat' dir='ltr'>plebanum</span> <span class='ocrx_word' id='word_1_240' title='bbox 1301 3387 1342 3449; x_wconf 92' lang='lat' dir='ltr'>de</span> <span class='ocrx_word' id='word_1_241' title='bbox 1366 3385 1538 3460; x_wconf 86' lang='lat' dir='ltr'>Sochowo,</span> <span class='ocrx_word' id='word_1_242' title='bbox 1570 3386 1647 3469; x_wconf 88' lang='lat' dir='ltr'>quid</span> <span class='ocrx_word' id='word_1_243' title='bbox 1671 3386 1733 3450; x_wconf 89' lang='lat' dir='ltr'>sibi</span> <span class='ocrx_word' id='word_1_244' title='bbox 1757 3408 1831 3451; x_wconf 91' lang='lat' dir='ltr'>con·</span> 
     </span>
     <span class='ocr_line' id='line_1_25' title="bbox 279 3493 1832 3577; baseline 0 -19"><span class='ocrx_word' id='word_1_245' title='bbox 279 3505 390 3565; x_wconf 87' lang='lat' dir='ltr'>staret.</span> <span class='ocrx_word' id='word_1_246' title='bbox 414 3496 592 3577; x_wconf 83' lang='lat' dir='ltr'>respondit,</span> <span class='ocrx_word' id='word_1_247' title='bbox 625 3495 712 3577; x_wconf 92' lang='lat' dir='ltr'>quod</span> <span class='ocrx_word' id='word_1_248' title='bbox 737 3515 822 3557; x_wconf 92' lang='lat' dir='ltr'>anno</span> <span class='ocrx_word' id='word_1_249' title='bbox 846 3497 990 3576; x_wconf 87' lang='lat' dir='ltr'>presenti</span> <span class='ocrx_word' id='word_1_250' title='bbox 1014 3495 1155 3558; x_wconf 87' lang='lat' dir='ltr'>sabbato</span> <span class='ocrx_word' id='word_1_251' title='bbox 1178 3515 1272 3558; x_wconf 91' lang='lat' dir='ltr'>sacro</span> <span class='ocrx_word' id='word_1_252' title='bbox 1296 3495 1439 3558; x_wconf 90' lang='lat' dir='ltr'>solennis</span> <span class='ocrx_word' id='word_1_253' title='bbox 1463 3493 1588 3558; x_wconf 89' lang='lat' dir='ltr'>Pasche</span> <span class='ocrx_word' id='word_1_254' title='bbox 1611 3497 1696 3558; x_wconf 90' lang='lat' dir='ltr'>circa</span> <span class='ocrx_word' id='word_1_255' title='bbox 1720 3515 1832 3558; x_wconf 89' lang='lat' dir='ltr'>conse-</span> 
     </span>
     <span class='ocr_line' id='line_1_26' title="bbox 279 3602 1830 3684; baseline -0.001 -17"><span class='ocrx_word' id='word_1_256' title='bbox 279 3605 461 3667; x_wconf 91' lang='lat' dir='ltr'>cracionem</span> <span class='ocrx_word' id='word_1_257' title='bbox 486 3603 571 3684; x_wconf 91' lang='lat' dir='ltr'>ignis</span> <span class='ocrx_word' id='word_1_258' title='bbox 594 3603 625 3664; x_wconf 91' lang='lat' dir='ltr'>in</span> <span class='ocrx_word' id='word_1_259' title='bbox 651 3604 809 3665; x_wconf 91' lang='lat' dir='ltr'>cimiterio</span> <span class='ocrx_word' id='word_1_260' title='bbox 834 3603 983 3665; x_wconf 90' lang='lat' dir='ltr'>homines</span> <span class='ocrx_word' id='word_1_261' title='bbox 1007 3605 1047 3666; x_wconf 92' lang='lat' dir='ltr'>de</span> <span class='ocrx_word' id='word_1_262' title='bbox 1072 3602 1235 3684; x_wconf 90' lang='lat' dir='ltr'>parochia,</span> <span class='ocrx_word' id='word_1_263' title='bbox 1267 3602 1408 3682; x_wconf 92' lang='lat' dir='ltr'>plebano</span> <span class='ocrx_word' id='word_1_264' title='bbox 1438 3602 1618 3681; x_wconf 87' lang='lat' dir='ltr'>predictum</span> <span class='ocrx_word' id='word_1_265' title='bbox 1643 3603 1753 3682; x_wconf 91' lang='lat' dir='ltr'>ignem</span> <span class='ocrx_word' id='word_1_266' title='bbox 1777 3604 1830 3666; x_wconf 88' lang='lat' dir='ltr'>be·</span> 
     </span>
     <span class='ocr_line' id='line_1_27' title="bbox 279 3707 1830 3793; baseline -0.001 -20"><span class='ocrx_word' id='word_1_267' title='bbox 279 3713 459 3784; x_wconf 88' lang='lat' dir='ltr'>nedicente,</span> <span class='ocrx_word' id='word_1_268' title='bbox 491 3713 675 3792; x_wconf 88' lang='lat' dir='ltr'>impetuose</span> <span class='ocrx_word' id='word_1_269' title='bbox 699 3710 855 3772; x_wconf 85' lang='lat' dir='ltr'>volebant</span> <span class='ocrx_word' id='word_1_270' title='bbox 878 3731 995 3790; x_wconf 88' lang='lat' dir='ltr'>rapere</span> <span class='ocrx_word' id='word_1_271' title='bbox 1018 3711 1137 3793; x_wconf 89' lang='lat' dir='ltr'>ignem,</span> <span class='ocrx_word' id='word_1_272' title='bbox 1169 3721 1202 3772; x_wconf 92' lang='lat' dir='ltr'>et</span> <span class='ocrx_word' id='word_1_273' title='bbox 1226 3709 1358 3772; x_wconf 89' lang='lat' dir='ltr'>tandem</span> <span class='ocrx_word' id='word_1_274' title='bbox 1390 3707 1549 3790; x_wconf 91' lang='lat' dir='ltr'>plebanus</span> <span class='ocrx_word' id='word_1_275' title='bbox 1573 3709 1717 3773; x_wconf 89' lang='lat' dir='ltr'>dicebat:</span> <span class='ocrx_word' id='word_1_276' title='bbox 1748 3731 1830 3793; x_wconf 93' lang='lat' dir='ltr'>rogo</span> 
     </span>
     <span class='ocr_line' id='line_1_28' title="bbox 279 3817 1830 3900; baseline -0.001 -19"><span class='ocrx_word' id='word_1_277' title='bbox 279 3838 337 3881; x_wconf 92' lang='lat' dir='ltr'>vos</span> <span class='ocrx_word' id='word_1_278' title='bbox 363 3839 422 3898; x_wconf 93' lang='lat' dir='ltr'>pro</span> <span class='ocrx_word' id='word_1_279' title='bbox 447 3817 528 3892; x_wconf 84' lang='lat' dir='ltr'>Deo,</span> <span class='ocrx_word' id='word_1_280' title='bbox 561 3819 664 3890; x_wconf 90' lang='lat' dir='ltr'>sinite,</span> <span class='ocrx_word' id='word_1_281' title='bbox 695 3828 731 3881; x_wconf 92' lang='lat' dir='ltr'>ut</span> <span class='ocrx_word' id='word_1_282' title='bbox 756 3817 862 3879; x_wconf 88' lang='lat' dir='ltr'>finiam</span> <span class='ocrx_word' id='word_1_283' title='bbox 891 3820 1177 3880; x_wconf 85' lang='lat' dir='ltr'>consecracionem</span> <span class='ocrx_word' id='word_1_284' title='bbox 1210 3819 1345 3898; x_wconf 91' lang='lat' dir='ltr'>predicti</span> <span class='ocrx_word' id='word_1_285' title='bbox 1369 3818 1466 3900; x_wconf 73' lang='lat' dir='ltr'>ignis:</span> <span class='ocrx_word' id='word_1_286' title='bbox 1497 3817 1625 3880; x_wconf 89' lang='lat' dir='ltr'>dicente</span> <span class='ocrx_word' id='word_1_287' title='bbox 1657 3819 1772 3881; x_wconf 90' lang='lat' dir='ltr'>eciam:</span> <span class='ocrx_word' id='word_1_288' title='bbox 1804 3820 1830 3882; x_wconf 91' lang='lat' dir='ltr'>si</span> 
     </span>
     <span class='ocr_line' id='line_1_29' title="bbox 279 3924 1830 4007; baseline 0 -19"><span class='ocrx_word' id='word_1_289' title='bbox 279 3926 393 4007; x_wconf 89' lang='lat' dir='ltr'>aliquis</span> <span class='ocrx_word' id='word_1_290' title='bbox 417 3925 468 3988; x_wconf 94' lang='lat' dir='ltr'>hic</span> <span class='ocrx_word' id='word_1_291' title='bbox 492 3925 597 3987; x_wconf 89' lang='lat' dir='ltr'>bonus</span> <span class='ocrx_word' id='word_1_292' title='bbox 621 3928 760 3999; x_wconf 89' lang='lat' dir='ltr'>adesset,</span> <span class='ocrx_word' id='word_1_293' title='bbox 794 3925 881 4004; x_wconf 83' lang='lat' dir='ltr'>quod</span> <span class='ocrx_word' id='word_1_294' title='bbox 906 3927 1046 4006; x_wconf 91' lang='lat' dir='ltr'>aliquem</span> <span class='ocrx_word' id='word_1_295' title='bbox 1077 3926 1108 3986; x_wconf 92' lang='lat' dir='ltr'>in</span> <span class='ocrx_word' id='word_1_296' title='bbox 1134 3945 1248 3988; x_wconf 89' lang='lat' dir='ltr'>manus</span> <span class='ocrx_word' id='word_1_297' title='bbox 1273 3926 1502 4007; x_wconf 37' lang='lat' dir='ltr'>percussisset,</span> <span class='ocrx_word' id='word_1_298' title='bbox 1517 3924 1602 3988; x_wconf 85' lang='lat' dir='ltr'>fuste</span> <span class='ocrx_word' id='word_1_299' title='bbox 1626 3933 1681 3987; x_wconf 90' lang='lat' dir='ltr'>aut</span> <span class='ocrx_word' id='word_1_300' title='bbox 1705 3927 1830 4000; x_wconf 89' lang='lat' dir='ltr'>baculo,</span> 
     </span>
     <span class='ocr_line' id='line_1_30' title="bbox 278 4031 1830 4115; baseline 0.001 -21"><span class='ocrx_word' id='word_1_301' title='bbox 278 4032 330 4094; x_wconf 91' lang='lat' dir='ltr'>vel</span> <span class='ocrx_word' id='word_1_302' title='bbox 351 4053 414 4114; x_wconf 84' lang='lat' dir='ltr'>ego</span> <span class='ocrx_word' id='word_1_303' title='bbox 430 4031 520 4094; x_wconf 90' lang='lat' dir='ltr'>solus</span> <span class='ocrx_word' id='word_1_304' title='bbox 542 4031 606 4094; x_wconf 91' lang='lat' dir='ltr'>hoc</span> <span class='ocrx_word' id='word_1_305' title='bbox 630 4031 759 4110; x_wconf 77' lang='lat' dir='ltr'>faciam:</span> <span class='ocrx_word' id='word_1_306' title='bbox 783 4045 817 4096; x_wconf 92' lang='lat' dir='ltr'>et</span> <span class='ocrx_word' id='word_1_307' title='bbox 833 4033 965 4096; x_wconf 90' lang='lat' dir='ltr'>tandem</span> <span class='ocrx_word' id='word_1_308' title='bbox 989 4033 1147 4114; x_wconf 90' lang='lat' dir='ltr'>plebanus</span> <span class='ocrx_word' id='word_1_309' title='bbox 1170 4035 1327 4114; x_wconf 88' lang='lat' dir='ltr'>arripiens</span> <span class='ocrx_word' id='word_1_310' title='bbox 1351 4033 1503 4107; x_wconf 91' lang='lat' dir='ltr'>corulum,</span> <span class='ocrx_word' id='word_1_311' title='bbox 1529 4034 1685 4115; x_wconf 87' lang='lat' dir='ltr'>spineam,</span> <span class='ocrx_word' id='word_1_312' title='bbox 1709 4032 1830 4115; x_wconf 86' lang='lat' dir='ltr'>aliquo·</span> 
     </span>
     <span class='ocr_line' id='line_1_31' title="bbox 279 4139 1831 4223; baseline 0.003 -23"><span class='ocrx_word' id='word_1_313' title='bbox 279 4141 366 4203; x_wconf 90' lang='lat' dir='ltr'>ciens</span> <span class='ocrx_word' id='word_1_314' title='bbox 390 4139 443 4202; x_wconf 94' lang='lat' dir='ltr'>illo</span> <span class='ocrx_word' id='word_1_315' title='bbox 467 4140 579 4202; x_wconf 91' lang='lat' dir='ltr'>corulo</span> <span class='ocrx_word' id='word_1_316' title='bbox 602 4141 633 4202; x_wconf 93' lang='lat' dir='ltr'>in</span> <span class='ocrx_word' id='word_1_317' title='bbox 657 4142 765 4223; x_wconf 89' lang='lat' dir='ltr'>ignem</span> <span class='ocrx_word' id='word_1_318' title='bbox 791 4142 961 4222; x_wconf 89' lang='lat' dir='ltr'>percussit,</span> <span class='ocrx_word' id='word_1_319' title='bbox 992 4141 1108 4203; x_wconf 90' lang='lat' dir='ltr'>volens</span> <span class='ocrx_word' id='word_1_320' title='bbox 1131 4141 1289 4222; x_wconf 90' lang='lat' dir='ltr'>repellere</span> <span class='ocrx_word' id='word_1_321' title='bbox 1313 4160 1372 4202; x_wconf 93' lang='lat' dir='ltr'>eos</span> <span class='ocrx_word' id='word_1_322' title='bbox 1403 4140 1444 4202; x_wconf 84' lang='lat' dir='ltr'>ab</span> <span class='ocrx_word' id='word_1_323' title='bbox 1467 4141 1652 4221; x_wconf 91' lang='lat' dir='ltr'>impetuosa</span> <span class='ocrx_word' id='word_1_324' title='bbox 1675 4144 1760 4222; x_wconf 88' lang='lat' dir='ltr'>ignis</span> <span class='ocrx_word' id='word_1_325' title='bbox 1784 4163 1831 4205; x_wconf 91' lang='lat' dir='ltr'>re·</span> 
     </span>
     <span class='ocr_line' id='line_1_32' title="bbox 279 4247 1829 4330; baseline 0.003 -22"><span class='ocrx_word' id='word_1_326' title='bbox 279 4248 442 4328; x_wconf 89' lang='lat' dir='ltr'>cepcione,</span> <span class='ocrx_word' id='word_1_327' title='bbox 467 4257 501 4309; x_wconf 92' lang='lat' dir='ltr'>et</span> <span class='ocrx_word' id='word_1_328' title='bbox 524 4249 569 4310; x_wconf 90' lang='lat' dir='ltr'>sic</span> <span class='ocrx_word' id='word_1_329' title='bbox 592 4247 647 4309; x_wconf 94' lang='lat' dir='ltr'>illo</span> <span class='ocrx_word' id='word_1_330' title='bbox 671 4247 783 4309; x_wconf 91' lang='lat' dir='ltr'>corulo</span> <span class='ocrx_word' id='word_1_331' title='bbox 808 4248 965 4328; x_wconf 90' lang='lat' dir='ltr'>plebanus</span> <span class='ocrx_word' id='word_1_332' title='bbox 989 4249 1095 4330; x_wconf 92' lang='lat' dir='ltr'>ipsum</span> <span class='ocrx_word' id='word_1_333' title='bbox 1119 4247 1319 4311; x_wconf 89' lang='lat' dir='ltr'>Bernardum</span> <span class='ocrx_word' id='word_1_334' title='bbox 1344 4250 1447 4310; x_wconf 88' lang='lat' dir='ltr'>eciam</span> <span class='ocrx_word' id='word_1_335' title='bbox 1471 4249 1578 4329; x_wconf 89' lang='lat' dir='ltr'>ignem</span> <span class='ocrx_word' id='word_1_336' title='bbox 1610 4249 1754 4330; x_wconf 86' lang='lat' dir='ltr'>recipere</span> <span class='ocrx_word' id='word_1_337' title='bbox 1777 4269 1829 4312; x_wconf 93' lang='lat' dir='ltr'>vo·</span> 
     </span>
     <span class='ocr_line' id='line_1_33' title="bbox 278 4353 1829 4438; baseline 0.003 -24"><span class='ocrx_word' id='word_1_338' title='bbox 278 4353 397 4417; x_wconf 92' lang='lat' dir='ltr'>lentem</span> <span class='ocrx_word' id='word_1_339' title='bbox 423 4356 453 4416; x_wconf 93' lang='lat' dir='ltr'>in</span> <span class='ocrx_word' id='word_1_340' title='bbox 477 4353 615 4436; x_wconf 91' lang='lat' dir='ltr'>digitum</span> <span class='ocrx_word' id='word_1_341' title='bbox 640 4375 794 4436; x_wconf 87' lang='lat' dir='ltr'>magnum</span> <span class='ocrx_word' id='word_1_342' title='bbox 819 4355 934 4418; x_wconf 89' lang='lat' dir='ltr'>dextre</span> <span class='ocrx_word' id='word_1_343' title='bbox 958 4375 1073 4418; x_wconf 92' lang='lat' dir='ltr'>manus</span> <span class='ocrx_word' id='word_1_344' title='bbox 1097 4357 1138 4418; x_wconf 90' lang='lat' dir='ltr'>ad</span> <span class='ocrx_word' id='word_1_345' title='bbox 1163 4355 1352 4418; x_wconf 83' lang='lat' dir='ltr'>effusionem</span> <span class='ocrx_word' id='word_1_346' title='bbox 1378 4357 1542 4435; x_wconf 85' lang='lat' dir='ltr'>sanguinis</span> <span class='ocrx_word' id='word_1_347' title='bbox 1566 4358 1734 4435; x_wconf 91' lang='lat' dir='ltr'>percussit,</span> <span class='ocrx_word' id='word_1_348' title='bbox 1759 4375 1829 4438; x_wconf 91' lang='lat' dir='ltr'>pre·</span> 
     </span>
     <span class='ocr_line' id='line_1_34' title="bbox 281 4461 1829 4546; baseline 0.001 -22"><span class='ocrx_word' id='word_1_349' title='bbox 281 4461 348 4524; x_wconf 88' lang='lat' dir='ltr'>lato</span> <span class='ocrx_word' id='word_1_350' title='bbox 373 4462 539 4524; x_wconf 89' lang='lat' dir='ltr'>Bernardo</span> <span class='ocrx_word' id='word_1_351' title='bbox 563 4461 692 4524; x_wconf 87' lang='lat' dir='ltr'>dicente</span> <span class='ocrx_word' id='word_1_352' title='bbox 724 4463 764 4524; x_wconf 87' lang='lat' dir='ltr'>ad</span> <span class='ocrx_word' id='word_1_353' title='bbox 789 4461 978 4544; x_wconf 86' lang='lat' dir='ltr'>plebanum:</span> <span class='ocrx_word' id='word_1_354' title='bbox 1001 4461 1064 4526; x_wconf 93' lang='lat' dir='ltr'>dne</span> <span class='ocrx_word' id='word_1_355' title='bbox 1089 4462 1235 4545; x_wconf 89' lang='lat' dir='ltr'>plebane,</span> <span class='ocrx_word' id='word_1_356' title='bbox 1261 4482 1369 4524; x_wconf 92' lang='lat' dir='ltr'>nonne</span> <span class='ocrx_word' id='word_1_357' title='bbox 1393 4483 1457 4544; x_wconf 91' lang='lat' dir='ltr'>ego</span> <span class='ocrx_word' id='word_1_358' title='bbox 1488 4462 1539 4524; x_wconf 95' lang='lat' dir='ltr'>hic</span> <span class='ocrx_word' id='word_1_359' title='bbox 1564 4462 1605 4525; x_wconf 89' lang='lat' dir='ltr'>lui</span> <span class='ocrx_word' id='word_1_360' title='bbox 1630 4463 1829 4546; x_wconf 88' lang='lat' dir='ltr'>culpabilior,</span> 
     </span>
     <span class='ocr_line' id='line_1_35' title="bbox 279 4567 1828 4654; baseline 0.005 -24"><span class='ocrx_word' id='word_1_361' title='bbox 279 4569 366 4651; x_wconf 93' lang='lat' dir='ltr'>quod</span> <span class='ocrx_word' id='word_1_362' title='bbox 390 4589 443 4630; x_wconf 92' lang='lat' dir='ltr'>me</span> <span class='ocrx_word' id='word_1_363' title='bbox 468 4571 685 4648; x_wconf 71' lang='lat' dir='ltr'>percussistis:</span> <span class='ocrx_word' id='word_1_364' title='bbox 708 4571 781 4650; x_wconf 91' lang='lat' dir='ltr'>ipso</span> <span class='ocrx_word' id='word_1_365' title='bbox 805 4569 991 4651; x_wconf 84' lang='lat' dir='ltr'>replicante,</span> <span class='ocrx_word' id='word_1_366' title='bbox 1017 4570 1105 4651; x_wconf 92' lang='lat' dir='ltr'>quod</span> <span class='ocrx_word' id='word_1_367' title='bbox 1129 4572 1188 4648; x_wconf 89' lang='lat' dir='ltr'>sic;</span> <span class='ocrx_word' id='word_1_368' title='bbox 1216 4567 1315 4631; x_wconf 91' lang='lat' dir='ltr'>nobili</span> <span class='ocrx_word' id='word_1_369' title='bbox 1339 4571 1440 4632; x_wconf 91' lang='lat' dir='ltr'>eciam</span> <span class='ocrx_word' id='word_1_370' title='bbox 1465 4568 1608 4634; x_wconf 90' lang='lat' dir='ltr'>dicente:</span> <span class='ocrx_word' id='word_1_371' title='bbox 1640 4575 1752 4654; x_wconf 90' lang='lat' dir='ltr'>utique</span> <span class='ocrx_word' id='word_1_372' title='bbox 1776 4593 1828 4637; x_wconf 91' lang='lat' dir='ltr'>me</span> 
     </span>
     <span class='ocr_line' id='line_1_36' title="bbox 279 4677 1829 4760; baseline 0.001 -20"><span class='ocrx_word' id='word_1_373' title='bbox 279 4687 463 4757; x_wconf 87' lang='lat' dir='ltr'>percuttere</span> <span class='ocrx_word' id='word_1_374' title='bbox 491 4697 556 4738; x_wconf 93' lang='lat' dir='ltr'>non</span> <span class='ocrx_word' id='word_1_375' title='bbox 581 4677 752 4754; x_wconf 88' lang='lat' dir='ltr'>debuistis;</span> <span class='ocrx_word' id='word_1_376' title='bbox 783 4688 816 4740; x_wconf 92' lang='lat' dir='ltr'>et</span> <span class='ocrx_word' id='word_1_377' title='bbox 839 4677 972 4739; x_wconf 87' lang='lat' dir='ltr'>tandem</span> <span class='ocrx_word' id='word_1_378' title='bbox 997 4677 1157 4759; x_wconf 88' lang='lat' dir='ltr'>plebanus</span> <span class='ocrx_word' id='word_1_379' title='bbox 1181 4679 1362 4759; x_wconf 87' lang='lat' dir='ltr'>respondit:</span> <span class='ocrx_word' id='word_1_380' title='bbox 1394 4697 1473 4758; x_wconf 92' lang='lat' dir='ltr'>sepe</span> <span class='ocrx_word' id='word_1_381' title='bbox 1494 4679 1598 4740; x_wconf 88' lang='lat' dir='ltr'>malus</span> <span class='ocrx_word' id='word_1_382' title='bbox 1622 4681 1829 4760; x_wconf 87' lang='lat' dir='ltr'>percuttitur;</span> 
     </span>
     <span class='ocr_line' id='line_1_37' title="bbox 279 4782 1828 4866; baseline 0.001 -20"><span class='ocrx_word' id='word_1_383' title='bbox 279 4795 311 4846; x_wconf 91' lang='lat' dir='ltr'>et</span> <span class='ocrx_word' id='word_1_384' title='bbox 335 4785 405 4865; x_wconf 90' lang='lat' dir='ltr'>ipse</span> <span class='ocrx_word' id='word_1_385' title='bbox 429 4783 547 4846; x_wconf 89' lang='lat' dir='ltr'>nobilis</span> <span class='ocrx_word' id='word_1_386' title='bbox 570 4784 665 4848; x_wconf 89' lang='lat' dir='ltr'>dixit:</span> <span class='ocrx_word' id='word_1_387' title='bbox 690 4788 716 4846; x_wconf 86' lang='lat' dir='ltr'>si</span> <span class='ocrx_word' id='word_1_388' title='bbox 741 4785 771 4846; x_wconf 94' lang='lat' dir='ltr'>in</span> <span class='ocrx_word' id='word_1_389' title='bbox 789 4782 851 4846; x_wconf 91' lang='lat' dir='ltr'>alio</span> <span class='ocrx_word' id='word_1_390' title='bbox 875 4785 948 4846; x_wconf 94' lang='lat' dir='ltr'>loco</span> <span class='ocrx_word' id='word_1_391' title='bbox 973 4803 1069 4866; x_wconf 91' lang='lat' dir='ltr'>quam</span> <span class='ocrx_word' id='word_1_392' title='bbox 1093 4787 1125 4846; x_wconf 91' lang='lat' dir='ltr'>in</span> <span class='ocrx_word' id='word_1_393' title='bbox 1142 4785 1300 4846; x_wconf 89' lang='lat' dir='ltr'>cimiterio</span> <span class='ocrx_word' id='word_1_394' title='bbox 1316 4803 1369 4846; x_wconf 87' lang='lat' dir='ltr'>me</span> <span class='ocrx_word' id='word_1_395' title='bbox 1393 4787 1439 4847; x_wconf 89' lang='lat' dir='ltr'>sic</span> <span class='ocrx_word' id='word_1_396' title='bbox 1455 4787 1680 4866; x_wconf 88' lang='lat' dir='ltr'>percussisses,</span> <span class='ocrx_word' id='word_1_397' title='bbox 1704 4788 1828 4858; x_wconf 87' lang='lat' dir='ltr'>scirem,</span> 
     </span>
     <span class='ocr_line' id='line_1_38' title="bbox 279 4891 1828 4973; baseline 0.003 -20"><span class='ocrx_word' id='word_1_398' title='bbox 279 4891 354 4972; x_wconf 91' lang='lat' dir='ltr'>quid</span> <span class='ocrx_word' id='word_1_399' title='bbox 379 4902 487 4954; x_wconf 91' lang='lat' dir='ltr'>tecum</span> <span class='ocrx_word' id='word_1_400' title='bbox 512 4893 555 4953; x_wconf 95' lang='lat' dir='ltr'>ob</span> <span class='ocrx_word' id='word_1_401' title='bbox 579 4891 641 4953; x_wconf 93' lang='lat' dir='ltr'>hoc</span> <span class='ocrx_word' id='word_1_402' title='bbox 666 4892 820 4969; x_wconf 87' lang='lat' dir='ltr'>lacerem;</span> <span class='ocrx_word' id='word_1_403' title='bbox 852 4891 994 4973; x_wconf 90' lang='lat' dir='ltr'>plebano</span> <span class='ocrx_word' id='word_1_404' title='bbox 1017 4893 1165 4956; x_wconf 86' lang='lat' dir='ltr'>dicente:¹</span> <span class='ocrx_word' id='word_1_405' title='bbox 1182 4893 1311 4954; x_wconf 90' lang='lat' dir='ltr'>ivissem</span> <span class='ocrx_word' id='word_1_406' title='bbox 1336 4900 1444 4954; x_wconf 88' lang='lat' dir='ltr'>tecum</span> <span class='ocrx_word' id='word_1_407' title='bbox 1469 4913 1528 4973; x_wconf 91' lang='lat' dir='ltr'>per</span> <span class='ocrx_word' id='word_1_408' title='bbox 1550 4895 1663 4955; x_wconf 91' lang='lat' dir='ltr'>crines.</span> <span class='ocrx_word' id='word_1_409' title='bbox 1694 4893 1738 4956; x_wconf 89' lang='lat' dir='ltr'>Et</span> <span class='ocrx_word' id='word_1_410' title='bbox 1760 4904 1828 4957; x_wconf 88' lang='lat' dir='ltr'>tan·</span> 
     </span>
     <span class='ocr_line' id='line_1_39' title="bbox 278 4997 1829 5080; baseline 0.003 -20"><span class='ocrx_word' id='word_1_411' title='bbox 278 4999 351 5061; x_wconf 87' lang='lat' dir='ltr'>dem</span> <span class='ocrx_word' id='word_1_412' title='bbox 376 4997 520 5079; x_wconf 87' lang='lat' dir='ltr'>prefatus</span> <span class='ocrx_word' id='word_1_413' title='bbox 544 4999 728 5061; x_wconf 90' lang='lat' dir='ltr'>Bernardus</span> <span class='ocrx_word' id='word_1_414' title='bbox 751 5019 864 5061; x_wconf 92' lang='lat' dir='ltr'>versus</span> <span class='ocrx_word' id='word_1_415' title='bbox 883 5010 1001 5062; x_wconf 88' lang='lat' dir='ltr'>terram</span> <span class='ocrx_word' id='word_1_416' title='bbox 1026 5001 1057 5060; x_wconf 93' lang='lat' dir='ltr'>in</span> <span class='ocrx_word' id='word_1_417' title='bbox 1075 5001 1233 5062; x_wconf 90' lang='lat' dir='ltr'>cimiterio</span> <span class='ocrx_word' id='word_1_418' title='bbox 1257 4999 1370 5062; x_wconf 87' lang='lat' dir='ltr'>exilio</span> <span class='ocrx_word' id='word_1_419' title='bbox 1395 5000 1497 5080; x_wconf 90' lang='lat' dir='ltr'>digito</span> <span class='ocrx_word' id='word_1_420' title='bbox 1521 4999 1691 5062; x_wconf 90' lang='lat' dir='ltr'>vulnerato</span> <span class='ocrx_word' id='word_1_421' title='bbox 1714 5001 1829 5065; x_wconf 90' lang='lat' dir='ltr'>demit·</span> 
     </span>
     <span class='ocr_line' id='line_1_40' title="bbox 277 5105 1827 5187; baseline 0.003 -20"><span class='ocrx_word' id='word_1_422' title='bbox 277 5105 369 5167; x_wconf 90' lang='lat' dir='ltr'>tebat</span> <span class='ocrx_word' id='word_1_423' title='bbox 393 5107 597 5186; x_wconf 89' lang='lat' dir='ltr'>sanguinem;</span> <span class='ocrx_word' id='word_1_424' title='bbox 622 5117 655 5169; x_wconf 92' lang='lat' dir='ltr'>et</span> <span class='ocrx_word' id='word_1_425' title='bbox 679 5107 810 5168; x_wconf 89' lang='lat' dir='ltr'>tandem</span> <span class='ocrx_word' id='word_1_426' title='bbox 836 5117 1054 5169; x_wconf 90' lang='lat' dir='ltr'>recesserunt:</span> <span class='ocrx_word' id='word_1_427' title='bbox 1077 5106 1236 5187; x_wconf 90' lang='lat' dir='ltr'>plebanus</span> <span class='ocrx_word' id='word_1_428' title='bbox 1258 5108 1289 5168; x_wconf 90' lang='lat' dir='ltr'>in</span> <span class='ocrx_word' id='word_1_429' title='bbox 1315 5105 1484 5170; x_wconf 90' lang='lat' dir='ltr'>ecclesiam</span> <span class='ocrx_word' id='word_1_430' title='bbox 1509 5107 1551 5169; x_wconf 90' lang='lat' dir='ltr'>ad</span> <span class='ocrx_word' id='word_1_431' title='bbox 1575 5107 1827 5171; x_wconf 90' lang='lat' dir='ltr'>continuandum</span> 
     </span>
     <span class='ocr_line' id='line_1_41' title="bbox 277 5211 1827 5298; baseline 0.003 -24"><span class='ocrx_word' id='word_1_432' title='bbox 277 5212 392 5274; x_wconf 88' lang='lat' dir='ltr'>divina.</span> <span class='ocrx_word' id='word_1_433' title='bbox 417 5211 638 5294; x_wconf 87' lang='lat' dir='ltr'>Interrogatus</span> <span class='ocrx_word' id='word_1_434' title='bbox 662 5216 765 5288; x_wconf 87' lang='lat' dir='ltr'>testis,</span> <span class='ocrx_word' id='word_1_435' title='bbox 794 5235 833 5276; x_wconf 89' lang='lat' dir='ltr'>an</span> <span class='ocrx_word' id='word_1_436' title='bbox 858 5217 966 5276; x_wconf 90' lang='lat' dir='ltr'>animo</span> <span class='ocrx_word' id='word_1_437' title='bbox 990 5215 1147 5276; x_wconf 91' lang='lat' dir='ltr'>iniurandi</span> <span class='ocrx_word' id='word_1_438' title='bbox 1171 5225 1226 5276; x_wconf 93' lang='lat' dir='ltr'>aut</span> <span class='ocrx_word' id='word_1_439' title='bbox 1251 5215 1433 5278; x_wconf 90' lang='lat' dir='ltr'>intencione</span> <span class='ocrx_word' id='word_1_440' title='bbox 1456 5214 1644 5278; x_wconf 89' lang='lat' dir='ltr'>vulnerandi</span> <span class='ocrx_word' id='word_1_441' title='bbox 1667 5217 1738 5296; x_wconf 89' lang='lat' dir='ltr'>ipse</span> <span class='ocrx_word' id='word_1_442' title='bbox 1762 5217 1827 5298; x_wconf 88' lang='lat' dir='ltr'>ple·</span> 
     </span>
     <span class='ocr_line' id='line_1_42' title="bbox 277 5317 1825 5404; baseline 0.004 -24"><span class='ocrx_word' id='word_1_443' title='bbox 277 5319 380 5381; x_wconf 91' lang='lat' dir='ltr'>banus</span> <span class='ocrx_word' id='word_1_444' title='bbox 403 5317 466 5381; x_wconf 90' lang='lat' dir='ltr'>hoc</span> <span class='ocrx_word' id='word_1_445' title='bbox 489 5318 609 5394; x_wconf 84' lang='lat' dir='ltr'>fecerit,</span> <span class='ocrx_word' id='word_1_446' title='bbox 642 5323 818 5404; x_wconf 84' lang='lat' dir='ltr'>respondit,</span> <span class='ocrx_word' id='word_1_447' title='bbox 851 5321 938 5402; x_wconf 92' lang='lat' dir='ltr'>quod</span> <span class='ocrx_word' id='word_1_448' title='bbox 963 5321 1074 5396; x_wconf 88' lang='lat' dir='ltr'>credit,</span> <span class='ocrx_word' id='word_1_449' title='bbox 1105 5321 1193 5402; x_wconf 93' lang='lat' dir='ltr'>quod</span> <span class='ocrx_word' id='word_1_450' title='bbox 1225 5341 1288 5383; x_wconf 94' lang='lat' dir='ltr'>non</span> <span class='ocrx_word' id='word_1_451' title='bbox 1314 5341 1353 5384; x_wconf 89' lang='lat' dir='ltr'>ea</span> <span class='ocrx_word' id='word_1_452' title='bbox 1377 5323 1569 5396; x_wconf 90' lang='lat' dir='ltr'>intencione,</span> <span class='ocrx_word' id='word_1_453' title='bbox 1602 5321 1660 5385; x_wconf 89' lang='lat' dir='ltr'>sed</span> <span class='ocrx_word' id='word_1_454' title='bbox 1685 5343 1727 5386; x_wconf 90' lang='lat' dir='ltr'>ex</span> <span class='ocrx_word' id='word_1_455' title='bbox 1750 5343 1825 5387; x_wconf 88' lang='lat' dir='ltr'>casu</span> 
     </span>
     <span class='ocr_line' id='line_1_43' title="bbox 276 5423 1827 5510; baseline 0.005 -24"><span class='ocrx_word' id='word_1_456' title='bbox 276 5423 340 5487; x_wconf 93' lang='lat' dir='ltr'>hoc</span> <span class='ocrx_word' id='word_1_457' title='bbox 364 5425 466 5488; x_wconf 89' lang='lat' dir='ltr'>credit</span> <span class='ocrx_word' id='word_1_458' title='bbox 490 5425 610 5489; x_wconf 86' lang='lat' dir='ltr'>factum</span> <span class='ocrx_word' id='word_1_459' title='bbox 636 5448 717 5494; x_wconf 90' lang='lat' dir='ltr'>esse.</span> <span class='ocrx_word' id='word_1_460' title='bbox 742 5429 966 5510; x_wconf 88' lang='lat' dir='ltr'>Interrogatus</span> <span class='ocrx_word' id='word_1_461' title='bbox 990 5449 1087 5508; x_wconf 91' lang='lat' dir='ltr'>super</span> <span class='ocrx_word' id='word_1_462' title='bbox 1103 5427 1164 5490; x_wconf 91' lang='lat' dir='ltr'>alia</span> <span class='ocrx_word' id='word_1_463' title='bbox 1182 5430 1410 5510; x_wconf 89' lang='lat' dir='ltr'>proposicione</span> <span class='ocrx_word' id='word_1_464' title='bbox 1430 5428 1580 5492; x_wconf 90' lang='lat' dir='ltr'>videlicet</span> <span class='ocrx_word' id='word_1_465' title='bbox 1604 5429 1827 5494; x_wconf 88' lang='lat' dir='ltr'>insamacionis</span> 
     </span>
     <span class='ocr_line' id='line_1_44' title="bbox 276 5533 1825 5620; baseline 0.004 -26"><span class='ocrx_word' id='word_1_466' title='bbox 276 5533 391 5614; x_wconf 87' lang='lat' dir='ltr'>prefati</span> <span class='ocrx_word' id='word_1_467' title='bbox 423 5533 578 5596; x_wconf 88' lang='lat' dir='ltr'>Bemardi</span> <span class='ocrx_word' id='word_1_468' title='bbox 610 5555 668 5617; x_wconf 91' lang='lat' dir='ltr'>per</span> <span class='ocrx_word' id='word_1_469' title='bbox 692 5535 875 5618; x_wconf 87' lang='lat' dir='ltr'>plebanum,</span> <span class='ocrx_word' id='word_1_470' title='bbox 906 5537 1075 5620; x_wconf 88' lang='lat' dir='ltr'>respondit</span> <span class='ocrx_word' id='word_1_471' title='bbox 1107 5536 1166 5598; x_wconf 91' lang='lat' dir='ltr'>sibi</span> <span class='ocrx_word' id='word_1_472' title='bbox 1198 5533 1294 5598; x_wconf 88' lang='lat' dir='ltr'>nichil</span> <span class='ocrx_word' id='word_1_473' title='bbox 1324 5547 1483 5600; x_wconf 87' lang='lat' dir='ltr'>constare.</span> <span class='ocrx_word' id='word_1_474' title='bbox 1522 5537 1567 5601; x_wconf 90' lang='lat' dir='ltr'>Et</span> <span class='ocrx_word' id='word_1_475' title='bbox 1591 5537 1632 5600; x_wconf 90' lang='lat' dir='ltr'>de</span> <span class='ocrx_word' id='word_1_476' title='bbox 1656 5537 1724 5602; x_wconf 89' lang='lat' dir='ltr'>aliis</span> <span class='ocrx_word' id='word_1_477' title='bbox 1748 5540 1825 5600; x_wconf 90' lang='lat' dir='ltr'>testi</span> 
     </span>
     <span class='ocr_line' id='line_1_45' title="bbox 276 5651 503 5708; baseline -0.013 -4"><span class='ocrx_word' id='word_1_478' title='bbox 276 5660 340 5704; x_wconf 94' lang='lat' dir='ltr'>non</span> <span class='ocrx_word' id='word_1_479' title='bbox 365 5651 503 5708; x_wconf 89' lang='lat' dir='ltr'>constat.</span> 
     </span>
    </p>
   </div>
   <div class='ocr_carea' id='block_1_6' title="bbox 0 0 2234 6674">
    <p class='ocr_par' dir='ltr' id='par_1_7' title="bbox 0 0 2234 6674">
     <span class='ocr_line' id='line_1_46' title="bbox 0 0 2234 6674; baseline 0 3"><span class='ocrx_word' id='word_1_480' title='bbox 0 0 2234 6674; x_wconf 95' lang='lat' dir='ltr'> </span> 
     </span>
    </p>
   </div>
  </div>
 </body>
</html>
