4458 6674
423 631 482 708 158
893 627 987 676 ACTA
1006 626 1129 678 IUDICII
1148 625 1286 676 ECCLES.
1308 625 1496 676 PLOCENSIS

1415 717 1657 724 ——-————--
1665 717 1740 724 -.-—-.
1769 718 1779 723 -
1789 717 1968 724 ——00—

417 839 503 901 idem
528 837 645 902 Paulus
669 857 728 919 per
751 859 786 900 se
811 858 1006 920 comparens
1030 837 1182 919 allegavit
1205 848 1238 900 et
1255 838 1344 912 dixit,
1368 838 1456 918 quod
1482 839 1586 919 ipsum
1611 836 1752 900 absolvit
1775 836 1817 899 de
1840 835 1973 918 speciali

418 946 573 1009 mandato
606 949 742 1007 dnorum
772 947 1067 1009 commissariorum
1099 945 1321 1026 principalium
1353 944 1503 1006 iubilei
1536 947 1632 1006 anni
1665 943 1814 1007 videlicet
1839 943 1972 1006 Abrahe

418 1063 451 1116 et
475 1052 608 1116 Andree
632 1051 766 1115 fratrum
791 1053 952 1115 Minorum
978 1053 1018 1114 de
1042 1051 1172 1115 Lovicz.

630 1246 671 1308 A.
700 1260 790 1325 1512,
816 1246 950 1306 Ianuarii
979 1263 1024 1324 14,
1049 1247 1080 1306 ln
1105 1245 1299 1307 consistorio
1322 1244 1532 1308 Poltoviensi.

525 1367 614 1434 340.
646 1370 745 1450 (Acta
776 1369 858 1432 oihc.
883 1369 934 1448 X).
981 1369 1015 1431 In
1046 1389 1144 1432 causa
1176 1389 1284 1431 vener.
1316 1369 1371 1430 dni
1403 1369 1512 1431 Iacobi
1544 1368 1794 1451 Gosrhkowsky
1825 1371 1970 1432 canonici

415 1477 696 1540 Warschoviensis
717 1489 830 1540 contra
851 1476 976 1538 nobiles
1000 1473 1196 1539 StanIslaum
1222 1476 1376 1538 Iohannis·
1397 1475 1439 1538 de
1464 1475 1715 1558 Nyeszyebady,
1743 1475 1969 1539 Balthazarum

416 1584 553 1658 Martini
579 1585 747 1646 Andream
773 1583 907 1659 Nicolai,
932 1583 1044 1646 Vitum
1069 1583 1177 1645 Iacobi
1202 1583 1242 1644 de
1266 1582 1385 1644 ibidem
1410 1595 1442 1646 et
1465 1583 1621 1645 Mathiam
1646 1583 1799 1646 Stanislai
1823 1585 1866 1646 de
1881 1582 1970 1646 Mile·

417 1713 477 1762 wo,
503 1711 582 1772 mgr.
608 1691 744 1752 Iacobus
767 1701 960 1771 procurator
983 1692 1036 1753 dni
1062 1691 1170 1752 Iacobi
1194 1691 1340 1752 canonici
1369 1693 1400 1751 in
1426 1691 1592 1770 presencia
1618 1690 1772 1752 laicorum
1796 1691 1968 1752 citatorum

416 1797 517 1860 verbo
542 1799 720 1880 proposuit,
746 1799 833 1878 quod
857 1799 917 1875 ipsi
943 1800 973 1858 in
990 1799 1056 1858 iure
1074 1797 1210 1858 seculari
1235 1797 1355 1860 inducti
1380 1817 1439 1877 per
1456 1797 1619 1876 quendam
1644 1797 1784 1859 nobilem
1810 1797 1967 1859 Mathiam

417 1903 513 1966 lilium
540 1903 662 1966 Nicolai
688 1905 730 1967 de
747 1903 887 1984 Sdbyky
911 1905 953 1966 ad
978 1903 1138 1984 prefatum
1165 1907 1213 1965 ius
1237 1915 1390 1966 terrestre
1414 1923 1474 1984 per
1490 1904 1629 1965 eundem
1654 1905 1752 1964 dnum
1776 1905 1967 1966 canonicum

415 2033 475 2093 pro
492 2013 718 2075 vulneracione
743 2021 776 2074 et
800 2011 1008 2091 percussione
1033 2011 1218 2072 kmethonis
1242 2014 1375 2072 citatum
1399 2009 1508 2073 false
1532 2023 1574 2073 et
1597 2013 1741 2091 Inique
1767 2031 1826 2090 pro
1849 2011 1966 2073 eodem

415 2119 539 2182 Mathia
562 2139 619 2181 reo
643 2121 838 2180 iurarunt
870 2121 933 2180 isto
958 2119 1107 2180 videlicet
1138 2118 1246 2190 modo,
1279 2118 1366 2198 quod
1398 2121 1469 2198 ipse
1494 2118 1633 2179 Mathias
1665 2138 1729 2179 non
1755 2119 1968 2198 percussisset

414 2225 610 2288 laboriosum
636 2226 763 2288 Petrum
789 2226 829 2286 de
854 2223 1061 2288 Gosthkowo
1085 2225 1297 2288 kmethonem
1322 2226 1375 2287 dni
1401 2227 1549 2287 canonici
1580 2245 1688 2306 neque
1719 2226 1824 2287 eidem
1853 2225 1968 2288 vulnus

414 2345 582 2396 cruentum
613 2331 726 2402 intulit,
751 2353 824 2395 cum
849 2343 958 2395 tamen
992 2336 1187 2395 contrarium
1220 2351 1331 2394 verum
1356 2334 1405 2406 sit,
1439 2333 1527 2413 quod
1558 2335 1629 2412 Ipse
1654 2331 1795 2394 Mathias
1827 2332 1965 2394 eundem

414 2439 544 2504 Petrum
563 2441 591 2500 in
610 2441 704 2502 bonis
729 2439 858 2501 Leczno
883 2441 944 2502 sibi
969 2441 1156 2502 obviantem
1175 2441 1293 2502 invasit
1311 2439 1481 2520 ipsumque
1497 2439 1657 2520 percussit
1671 2459 1710 2499 ac
1728 2437 1842 2500 vulnus
1858 2458 1967 2502 cruen-

413 2559 481 2610 tum
507 2547 613 2610 intulit
645 2549 689 2610 ita
713 2567 856 2616 enorme,
889 2549 977 2626 quod
1003 2568 1062 2627 per
1084 2548 1245 2628 integrum
1276 2567 1395 2608 annum
1427 2547 1571 2610 Infirmus
1595 2547 1702 2617 iacuit,
1735 2548 1867 2608 aculus
1890 2567 1967 2608 cura

412 2657 483 2736 lpse
507 2655 590 2717 dnus
613 2657 787 2717 canonicus
819 2653 949 2716 clrulico
973 2654 1015 2716 III
1038 2674 1224 2736 sexagenas
1256 2655 1421 2734 exposuit;
1453 2655 1621 2715 extimavit
1652 2653 1844 2730 dampnum,
1876 2654 1965 2732 quod

412 2783 455 2826 ex
479 2765 618 2842 periurio
642 2761 826 2822 huiusmodi
849 2772 1044 2823 consecutus
1069 2773 1120 2824 est
1143 2772 1235 2824 etex
1252 2761 1456 2842 negligencia
1480 2761 1624 2823 laborum
1648 2759 1835 2822 kmethunIs
1858 2760 1965 2822 vulne·

413 2872 473 2931 rati
496 2869 538 2931 ad
562 2867 639 2931 VIII
664 2887 855 2950 sexagenas,
889 2877 1004 2948 petens
1036 2869 1126 2948 ipsos
1158 2870 1189 2928 in
1214 2869 1337 2930 eisdem
1370 2889 1408 2930 ac
1440 2869 1595 2949 expensis
1625 2869 1658 2928 In
1681 2869 1749 2928 iure
1772 2867 1907 2928 seculari
1930 2875 1964 2929 et

412 2977 462 3038 hic
487 2974 580 3037 sactis
603 2975 845 3038 condemnari„

620 3167 663 3230 A.
692 3183 783 3248 1512,
808 3169 943 3230 Ianuarii
974 3169 1019 3240 16,
1044 3171 1076 3230 in
1102 3170 1295 3232 consistorio
1320 3169 1528 3230 Poltoviensi.

514 3289 604 3358 341.
629 3292 727 3374 (Acta
752 3293 834 3355 offic.
858 3293 901 3375 X)
932 3292 966 3354 In
995 3313 1090 3356 causa
1121 3293 1252 3356 discreti
1280 3293 1389 3356 Iacobi
1420 3294 1460 3355 de
1490 3292 1745 3355 Dobrzankowo
1770 3293 1906 3355 ministri
1930 3293 1961 3353 in

403 3400 547 3464 Salkovo
579 3411 694 3462 contra
725 3401 866 3462 nobilem
900 3397 1093 3481 Gregorium
1118 3401 1159 3463 de
1184 3399 1296 3480 Slaszy
1326 3403 1500 3463 occasione
1528 3399 1701 3462 occisionis
1731 3401 1830 3479 patris
1860 3401 1961 3480 ipsius

403 3508 518 3580 Iacobi,
539 3507 697 3570 Martinus
717 3506 844 3569 Zaleslri
866 3520 1056 3588 procurator
1073 3507 1180 3568 lacobi
1198 3519 1231 3570 et
1248 3527 1477 3590 germanorum
1498 3510 1631 3586 ipsius..
1657 3509 1830 3588 proposuit
1847 3517 1961 3570 contra

402 3616 550 3686 eundem,
575 3615 663 3695 quod
691 3617 762 3694 ipse
791 3613 1001 3696 Gregorius..
1034 3614 1153 3678 occidit
1182 3627 1308 3696 patrem
1339 3617 1482 3696 Ipsorum
1511 3615 1642 3676 nomIne
1672 3611 1869 3677 StanIslaum
1895 3633 1960 3676 non

402 3733 531 3784 attento
555 3723 664 3785 divino
695 3730 862 3802 precepto,
887 3723 917 3782 in
944 3743 1009 3802 quo
1032 3723 1110 3784 dIcit
1137 3723 1289 3784 dominus
1313 3732 1424 3783 noster
1448 3720 1560 3782 lhesus
1584 3720 1744 3784 Christus:
1775 3719 1850 3781 Non
1875 3721 1957 3783 occi·

402 3830 469 3902 des,
493 3865 536 3875 --
561 3839 677 3910 petens
702 3829 807 3908 ipsum
832 3829 863 3888 in
888 3849 973 3908 pena
997 3829 1114 3908 capitis
1138 3826 1288 3890 videlicet
1311 3829 1342 3888 in
1367 3827 1414 3890 IV
1435 3828 1609 3910 sexagenis
1633 3827 1842 3889 condemnari
1863 3836 1897 3889 et
1917 3827 1959 3890 ad

401 3937 601 3998 solucionem
626 3935 700 4016 cogi
724 3936 765 3997 ad
790 3936 1083 4016 penitenciam
1108 3935 1367 4017 peragendam..

509 4039 600 4108 342.
624 4041 770 4124 (Ibidem)
802 4043 837 4104 In
862 4063 959 4104 causa
988 4042 1103 4104 nobilis
1133 4042 1216 4106 Petri
1242 4043 1282 4104 de
1306 4043 1442 4124 Pnyevo
1473 4054 1587 4104 contra
1616 4040 1741 4103 nobiles
1771 4040 1959 4113 Iohannem,

402 4152 533 4214 Paulum
557 4169 730 4230 germanos
752 4161 784 4212 et
806 4149 979 4212 Barbaram
1002 4161 1137 4214 matrem
1163 4153 1307 4230 ipsorum
1329 4150 1370 4211 de
1391 4149 1611 4230 Krosznycze,
1636 4148 1753 4210 nobilis
1777 4146 1957 4211 Stanislaus

401 4260 443 4320 de
468 4257 623 4336 Rykacze
655 4267 846 4336 procurator
874 4259 1033 4319 dictorum
1062 4256 1215 4318 nobilium
1246 4257 1276 4318 in
1307 4257 1474 4328 presencia
1502 4255 1655 4318 Iohannis
1683 4267 1716 4318 et
1742 4254 1832 4316 Pauli
1856 4255 1956 4317 verbo

402 4367 585 4446 proposuit,
610 4362 697 4444 quod
723 4365 781 4444 ipsi
808 4384 827 4425 a
851 4363 923 4426 XIII
947 4365 1039 4425 annis
1064 4366 1246 4445 percipiunt
1269 4383 1398 4424 usuram
1423 4361 1464 4424 de
1485 4361 1671 4424 molendino
1695 4363 1726 4423 In
1752 4360 1957 4444 Crosznycze

402 4471 467 4534 XV
484 4491 595 4532 currus
619 4469 720 4532 farine
737 4480 770 4532 et
787 4471 893 4532 brasei
911 4469 1030 4532 valoris
1048 4471 1110 4532 VII
1133 4490 1372 4554 sexagenarum
1399 4469 1493 4530 nichil
1518 4468 1711 4532 defalcando
1733 4470 1762 4530 in
1785 4469 1955 4548 capitalem

404 4597 568 4640 summam
594 4580 740 4659 pecunie,
764 4587 881 4659 petens
904 4579 995 4658 ipsos
1020 4579 1049 4638 in
1075 4579 1169 4641 dictis
1190 4577 1253 4640 VII
1277 4577 1451 4658 sexagenis
1475 4578 1616 4638 usurarie
1639 4577 1718 4658 ipsis
1740 4579 1958 4658 approprians

400 4686 606 4748 condemnari
632 4697 665 4748 et
688 4685 728 4746 ad
753 4685 954 4748 solucionem
980 4686 1088 4767 cogi„

612 4877 654 4939 A.
684 4893 774 4958 1512,
799 4878 935 4940 Ianuarii
961 4879 1003 4940 26
1026 4880 1059 4938 in
1083 4880 1278 4940 consistorio
1302 4878 1510 4940 Poltoviensi.

506 4999 595 5068 343.
620 5003 719 5080 (Acta
743 5002 825 5064 osfic.
852 5004 891 5081 X)
920 5003 952 5066 In
982 5023 1079 5066 causa
1109 5004 1225 5065 nobilis
1253 5003 1405 5066 IohannIs
1435 5004 1509 5064 olim
1541 5001 1739 5065 Przethborii
1767 5003 1808 5066 de
1833 5003 1953 5083 Szebri,

398 5113 558 5174 Martinus
575 5121 773 5192 procurator
797 5110 948 5172 iohannis
976 5112 1086 5173 oblata
1114 5113 1305 5174 citacione..
1331 5123 1442 5172 contra
1474 5111 1599 5172 nobiles
1625 5111 1793 5173 Derslaum
1819 5110 1951 5188 Mathie,

399 5218 552 5280 Iacobum
582 5217 714 5288 Mathie,
740 5217 873 5278 Paulum
901 5217 1032 5290 Mathie,
1063 5218 1240 5280 Iohannem
1265 5219 1406 5288 Troiani,
1435 5218 1587 5279 iacobum
1617 5218 1706 5280 Pauli
1731 5219 1771 5278 de
1795 5219 1951 5282 Porzecze

399 5328 499 5388 verbo
529 5329 709 5405 proposuit,
738 5325 906 5405 quomodo
934 5327 995 5404 ipsi
1025 5325 1104 5386 salse
1133 5328 1318 5388 iuraverunt
1346 5328 1376 5387 in
1402 5329 1469 5387 iure
1500 5324 1633 5386 seculari
1664 5326 1694 5386 in
1725 5325 1951 5406 Przasznysch,

399 5434 486 5514 quod
518 5433 635 5494 nobilis
666 5432 826 5494 Iohannes
849 5431 986 5512 Vaczyk
1016 5433 1056 5494 de
1086 5432 1246 5515 Psczolky
1271 5454 1335 5494 non
1368 5434 1515 5514 promisit
1544 5452 1650 5513 neque
1683 5443 1813 5512 pactum
1837 5433 1951 5495 habuit

398 5561 506 5602 coram
523 5541 620 5601 certis
641 5542 789 5620 personis
806 5538 930 5602 solvere
952 5541 1090 5602 medium
1113 5543 1227 5622 capitis
1250 5561 1310 5621 pro
1331 5542 1471 5620 quodam
1494 5539 1592 5602 nobiIi
1613 5538 1776 5602 Stanislao
1793 5539 1949 5621 Vaschyli

398 5648 437 5710 de
462 5644 678 5722 Grudowslro,
703 5665 799 5727 quern
825 5647 923 5709 ambo
948 5649 1069 5726 pariter
1092 5645 1321 5710 interfecerunt
1342 5659 1374 5710 et
1396 5647 1601 5709 homicidium
1627 5657 1896 5728 perpetraverunt
1916 5657 1952 5710 et
