4392 6672
396 699 415 760 8
873 693 965 742 ACTA
985 691 1109 742 IUDICII
1127 690 1264 740 ECCLES.
1285 687 1475 740 PLOCENSLs

582 787 674 792 —-.
711 785 776 792 *aa
796 785 1056 790 -..-—.-—..—-—--
1077 785 1151 790 ...ψ-.-
1182 781 1324 790 .-..-......--.·
1761 781 1762 784 .
1804 777 1943 785 —a-——u-

394 911 465 990 ipse
488 907 650 970 lohannes
674 905 842 968 confessus
866 917 917 968 est
941 927 976 968 se
999 905 1100 967 verba
1125 904 1271 985 predicta
1294 903 1417 964 dixisse
1448 911 1482 962 et
1507 903 1537 962 in
1561 901 1679 962 iudicio
1702 899 1817 962 eadem
1843 897 1944 960 verba

394 1013 561 1097 replicavit
586 1024 620 1077 et
643 1011 811 1075 confessus
835 1023 886 1074 est
910 1033 945 1073 se
969 1013 1089 1074 dixisse
1113 1011 1259 1092 predicta
1284 1009 1397 1080 verba,
1430 1007 1502 1088 quia
1527 1006 1569 1068 ab
1594 1007 1664 1068 aliis
1689 1005 1945 1085 predicatoribus

394 1121 481 1184 dicta
505 1121 604 1182 verba
627 1119 748 1182 audivit
772 1119 944 1200 predicari,
979 1139 1041 1199 que
1066 1139 1123 1200 per
1146 1119 1252 1198 ipsum
1278 1115 1528 1178 Wscheborium
1558 1113 1686 1177 inerunt
1710 1113 1865 1176 obmissa.
1902 1111 1945 1174 Et

394 1228 545 1290 dominus
569 1227 678 1290 audita
702 1228 802 1306 ipsius
826 1226 976 1288 Iohannis
999 1226 1184 1288 huiusmodi
1207 1222 1412 1286 confessione
1443 1231 1599 1302 tanquam
1634 1218 1789 1301 pestilera
1812 1227 1846 1282 et
1870 1215 1945 1296 fidei

395 1333 558 1398 kathoIIce
582 1345 744 1414 suspecta.
769 1333 810 1395 de
834 1332 969 1394 consilio
993 1333 1129 1394 dnorum
1157 1331 1351 1411 prelatorum
1377 1339 1410 1392 et
1434 1330 1662 1391 canonicorum
1687 1345 1819 1388 suorum
1845 1324 1946 1406 predi·

394 1455 520 1504 ctorum
545 1441 684 1503 eundem
708 1439 885 1502 Iohannem
911 1441 1107 1519 mancipavit
1139 1449 1172 1500 et
1196 1438 1380 1500 carceribus
1405 1435 1535 1498 tradidit
1569 1433 1765 1516 punIendum
1795 1443 1829 1494 et
1853 1432 1946 1493 casti·

393 1550 546 1632 gandum.
586 1547 629 1609 Et
653 1547 771 1609 ibidem
804 1545 919 1628 prefati
944 1545 996 1607 dni
1031 1547 1199 1624 presbiteri
1232 1565 1329 1625 super
1361 1545 1588 1624 recognicione
1620 1541 1766 1603 eiusdem
1792 1538 1945 1602 Iohannis

396 1657 524 1738 publica
549 1657 732 1735 petiverunt
755 1654 835 1734 ipsis
858 1653 927 1715 dari
951 1663 984 1715 et
1008 1651 1121 1714 confici
1145 1673 1163 1712 a
1189 1672 1239 1712 me
1264 1653 1391 1712 notario
1415 1652 1598 1712 necessaria
1622 1651 1845 1710 Instrumenta.

608 1847 649 1910 A.
680 1863 770 1928 1450,
794 1845 870 1908 Maii
894 1865 924 1924 4.
950 1847 979 1906 in
1004 1845 1170 1907 Poltowslr
1195 1844 1337 1906 incuria
1362 1842 1549 1924 episcopali.

505 1971 565 2040 19.
588 1972 686 2054 (Acta
709 1975 808 2054 episc.
831 1971 863 2052 Ι).
904 1973 938 2031 In
962 1991 1060 2033 causa
1083 1969 1190 2046 Anne,
1214 1972 1325 2032 uxorIs
1349 1969 1477 2031 Martini
1501 1968 1542 2030 de
1566 1965 1731 2048 Wylamy,
1754 1974 1869 2026 contra
1892 1983 1946 2024 no·

394 2081 492 2144 bilem
518 2081 648 2143 Paulum
681 2081 722 2142 de
745 2078 1012 2142 SchImoschaczs
1035 2098 1133 2160 super
1157 2097 1298 2144 usura.
1329 2079 1414 2139 idem
1447 2073 1564 2138 nobiIis
1588 2074 1738 2136 Paulus..
1763 2071 1804 2132 ad
1828 2089 1944 2152 propo·

395 2189 548 2252 sicionem
573 2186 673 2249 Anne
697 2187 895 2268 respondere
920 2187 1030 2256 noluit,
1054 2185 1174 2254 dicens,
1199 2185 1286 2267 quod
1313 2185 1420 2264 plures
1444 2191 1519 2244 sunt
1543 2181 1681 2244 heredes
1704 2179 1864 2241 dictorum
1889 2177 1945 2238 bo·

395 2314 517 2367 norum,
543 2315 603 2376 pro
619 2295 733 2378 quibus
757 2313 809 2356 res
826 2294 932 2373 agitur
955 2305 988 2354 et
1005 2313 1065 2374 pro
1090 2313 1226 2372 quorum
1251 2293 1393 2354 sortibus
1409 2309 1507 2353 causa
1523 2289 1583 2350 sibi
1601 2307 1659 2370 per
1675 2289 1795 2350 dictam
1813 2284 1943 2346 Annam

394 2411 484 2466 mota
508 2403 629 2476 existit,
653 2403 721 2463 sine
746 2421 881 2480 qnorum
907 2400 1077 2481 presencia
1101 2402 1300 2479 respondere
1325 2421 1388 2462 non
1405 2403 1481 2470 vult,
1506 2398 1625 2460 timens
1648 2404 1769 2475 expost
1795 2411 1853 2474 per
1874 2409 1945 2451 eos.

394 2512 467 2571 dem
494 2509 631 2571 heredes
655 2509 792 2570 sorcium
818 2527 876 2569 seu
901 2509 1069 2582 bonorum,
1102 2528 1162 2588 pro
1186 2509 1303 2588 quibus
1327 2510 1386 2570 sibi
1412 2507 1449 2571 lis
1473 2520 1522 2570 est
1548 2517 1636 2569 mota
1660 2504 1776 2566 eidem.
1800 2499 1875 2560 dum
1901 2495 1941 2556 de

396 2615 542 2696 parthus
566 2616 688 2676 exteris
713 2616 907 2686 revenerint,
933 2617 1084 2677 Intentari
1109 2627 1142 2677 et
1167 2617 1289 2678 moveri
1313 2637 1443 2679 causam
1470 2635 1600 2692 novam3
1625 2611 1682 2676 sed
1707 2611 1732 2672 si
1757 2606 1834 2688 qnid
1859 2603 1945 2665 dicta

394 2722 494 2784 Anna
518 2721 616 2783 habet
641 2730 754 2783 contra
779 2741 850 2782 eum
876 2722 1064 2800 questionis,
1088 2732 1166 2802 agat
1182 2721 1275 2783 simul
1300 2743 1373 2784 eum
1399 2722 1498 2785 fratre
1521 2739 1677 2802 germano
1702 2731 1734 2778 et
1751 2731 1863 2776 sorore
1879 2709 1945 2772 suis

394 2829 555 2892 dictorum
581 2828 739 2890 bonorum
763 2826 946 2890 heredibus.
972 2829 1022 2889 Ex
1047 2829 1185 2891 adverso
1209 2828 1326 2891 nobilis
1350 2829 1464 2892 Petrus
1487 2829 1528 2892 de
1555 2817 1809 2908 Wylamovicze‚
1834 2835 1943 2900 procu·

395 2947 483 2999 rator
507 2935 604 2996 Anne
629 2935 797 3015 allegavit,
830 2937 918 3014 quod
942 2935 1041 2996 frater
1065 2957 1239 3014 germanus
1271 2939 1400 2998 nomine
1433 2937 1570 2998 lacobus
1602 2945 1634 2997 et
1658 2949 1752 2994 soror
1776 2923 1945 2989 Dorothea

395 3044 482 3105 dicte
507 3045 611 3114 Anne,
637 3044 690 3122 qui
708 3039 836 3104 suerunt
860 3042 1018 3105 dictorum
1043 3043 1201 3124 bonorum
1227 3045 1365 3106 heredes
1389 3065 1460 3106 cum
1478 3046 1594 3106 eadem
1612 3041 1720 3110 Anna,
1736 3046 1810 3100 sunt
1827 3029 1945 3094 mortui

395 3160 428 3211 et
454 3149 594 3212 defuncti
626 3151 656 3210 in
683 3148 828 3230 partibus
860 3151 982 3212 exteris
1013 3149 1164 3212 videlicet
1198 3151 1323 3212 Russie.
1364 3151 1407 3214 Et
1431 3153 1612 3214 dominus..
1637 3160 1825 3228 processum
1850 3139 1942 3199 huius

395 3277 490 3319 cause
514 3259 683 3335 suspendit
707 3257 838 3330 tamdiu,
864 3277 1034 3338 quousque
1058 3259 1098 3320 de
1119 3268 1224 3320 morte
1248 3260 1391 3338 ipsorum
1416 3257 1598 3322 constiterit
1622 3267 1655 3317 et
1679 3251 1804 3314 litteras
1827 3247 1868 3308 de
1893 3263 1944 3304 eo-

395 3385 463 3425 rum
489 3374 594 3426 morte
619 3362 864 3442 significatorias
888 3366 1137 3445 asportabunt..

609 3557 650 3618 A.
681 3572 769 3637 1451.
795 3557 929 3620 Ianuarii
955 3574 1005 3636 29,
1031 3559 1061 3619 in
1087 3559 1254 3622 Poitowsk
1278 3562 1308 3620 in
1333 3563 1421 3621 curIa
1445 3558 1632 3640 episcopali.

502 3677 566 3745 20.
597 3681 696 3762 (Acta
720 3682 816 3762 episc.
842 3680 901 3758 Ι)..
926 3681 1044 3744 Coram
1071 3684 1156 3744 Rmo
1182 3693 1273 3761 patre
1306 3685 1372 3746 dno
1396 3683 1503 3753 Paulo,
1536 3687 1695 3766 episcopo
1721 3687 1881 3758 Plocensi.
1912 3689 1943 3750 ln

395 3809 490 3850 causa
515 3787 628 3850 honor.
653 3786 771 3856 Iacobi.
797 3789 924 3866 plebani
950 3791 978 3849 in
998 3789 1220 3858 Danischewo,
1245 3803 1359 3852 contra
1375 3791 1500 3854 nobiles
1518 3789 1684 3854 Andream
1711 3807 1744 3855 et
1761 3793 1943 3874 Philippum

394 3897 436 3958 de
460 3893 622 3974 Nadollry,
655 3896 741 3957 idem
767 3893 924 3975 plebanus
950 3899 1133 3978 proposuit,
1166 3901 1332 3977 quomodo
1356 3897 1442 3958 idem
1468 3898 1594 3961 nobiles
1618 3901 1755 3980 sepultis
1780 3901 1944 3962 sororibus

394 4004 537 4083 ipsorum
564 4003 739 4082 germanis:
766 3999 899 4083 Agnete
923 4016 956 4064 et
974 4003 1190 4086 Margaretha.
1216 4007 1246 4064 ln
1265 4006 1400 4066 ecclesia
1425 4025 1480 4066 sun
1507 4007 1537 4066 in
1565 4005 1779 4068 Danischewo
1805 4008 1944 4086 sepultu-

395 4129 461 4170 ram
487 4109 592 4170 eidem
618 4109 759 4191 plebano
784 4129 848 4170 non
867 4110 1039 4182 solverunt,
1065 4121 1182 4191 petens
1207 4115 1296 4190 Ipsos
1322 4123 1356 4174 ut
1372 4133 1578 4174 successores
1603 4113 1760 4176 bonorum
1787 4115 1943 4176 dictarum

395 4235 543 4278 sororum
569 4217 797 4278 derelictorum
822 4237 935 4279 more
960 4220 1100 4296 patrie
1125 4219 1274 4296 compelli
1302 4222 1341 4280 ad
1359 4217 1550 4281 solvendum
1584 4219 1638 4281 Ex
1655 4222 1793 4282 adverso
1818 4221 1943 4282 nobiIes

394 4324 530 4404 predicti
555 4323 792 4401 respondentes
809 4324 968 4394 dixerunt,
993 4324 1079 4403 quod
1097 4327 1187 4388 iuxta
1203 4335 1435 4388 testamentum
1455 4347 1512 4406 per
1529 4328 1660 4388 easdem
1678 4347 1807 4390 sorores
1824 4327 1942 4390 iactum

395 4430 537 4508 pecuniIs
569 4432 821 4492 testamentariis
853 4451 896 4492 ex
928 4432 1082 4492 mandato
1115 4433 1243 4513 plebani
1277 4434 1396 4494 vitricis
1421 4435 1557 4495 ecclesie
1589 4436 1740 4508 eiusdem,
1767 4435 1887 4496 Iacobo
1911 4447 1943 4496 et

394 4535 552 4610 Iohannis,
578 4537 661 4600 datis
685 4547 718 4598 et
735 4537 906 4619 assignatis
930 4549 996 4598 tam
1015 4558 1074 4618 pro
1091 4547 1296 4606 testamento.
1322 4559 1418 4619 quam
1444 4559 1504 4620 pro
1521 4541 1686 4619 sepultura
1711 4539 1942 4606 satisfecerunt.

393 4645 481 4725 quod
507 4643 692 4724 probabunt
717 4643 843 4706 nobiles
868 4645 1005 4724 predicti
1029 4647 1080 4706 die
1105 4649 1245 4709 crastina
1269 4667 1329 4726 pro
1355 4651 1456 4726 prima
1481 4647 1647 4710 dilacione.

607 4837 647 4898 Α.
677 4853 768 4918 1451,
795 4837 916 4918 Aprilis
943 4852 969 4917 5,
994 4839 1025 4900 ln
1051 4838 1228 4901 Trambino
1253 4841 1284 4900 in
1309 4843 1397 4902 curia
1421 4842 1609 4920 episcopali.

500 4959 563 5027 21.
588 4962 686 5044 (Acta
701 4944 801 5043 episc.
820 4963 873 5044 ll..
900 4963 1051 5026 Coram..
1076 4965 1141 5025 dnn
1161 4964 1267 5028 Paulo.
1293 4965 1452 5045 episcopo
1477 4965 1633 5037 Plocensi,
1659 4967 1689 5026 in
1706 4985 1803 5027 causa
1828 4963 1943 5027 nobilis

395 5068 518 5131 Nicolai
544 5071 584 5132 de
609 5071 749 5145 Znancz,
785 5069 930 5152 gladileri
963 5069 1188 5138 Dobrinensis.
1225 5085 1338 5135 contra
1372 5073 1498 5134 l'etrurn
1524 5071 1676 5138 Cobilka.
1713 5072 1887 5153 plebanum
1911 5073 1941 5132 in

393 5177 501 5245 Pione.
535 5199 593 5258 per
617 5179 792 5240 discretum
817 5177 1021 5250 Stanislaum,
1054 5178 1228 5260 plebanum
1254 5183 1283 5240 in
1311 5179 1405 5242 Rusz.
1432 5181 1596 5241 citatum..
1622 5179 1738 5241 nobilis
1763 5181 1942 5260 proposuit,

393 5287 559 5364 quomodo
584 5287 669 5348 idem
696 5285 808 5346 Petrus
832 5283 986 5358 Cobillra,
1004 5286 1169 5365 plebanus,
1195 5287 1247 5348 die
1264 5287 1419 5347 hodierna
1444 5289 1473 5346 ln
1493 5289 1602 5348 tabula
1627 5287 1770 5348 eiusdem
1796 5287 1849 5348 dni
1868 5287 1941 5368 Epi·

393 5393 482 5472 scopi
508 5392 626 5454 sedens
658 5403 691 5453 et
714 5394 891 5453 comedens
918 5407 1076 5473 paterque
1099 5395 1312 5456 contessionis
1336 5396 1437 5474 ipsius
1461 5393 1577 5455 nobilis
1601 5395 1745 5454 existens
1769 5393 1942 5456 confessio·

393 5519 466 5560 nem
493 5519 552 5580 per
576 5499 737 5579 prefatum
764 5500 905 5561 nobilem
930 5499 1099 5562 Nicolaum
1125 5521 1233 5562 coram
1252 5503 1323 5580 ipso
1341 5501 1438 5562 Petro
1456 5501 1597 5581 plebano
1615 5499 1733 5562 factam
1759 5501 1942 5582 propalavit

392 5614 425 5667 et
450 5605 666 5669 manifestavit
700 5608 730 5667 in
756 5606 964 5688 vilipendium
997 5607 1112 5669 nobilis
1146 5606 1263 5688 prefati
1285 5609 1498 5688 Iniuriamque
1530 5620 1563 5669 et
1589 5608 1764 5687 pudorem,
1797 5609 1940 5669 iniuriam

392 5731 548 5775 revocans
580 5714 620 5776 ad
654 5711 680 5775 C
705 5712 773 5776 flor.
797 5714 942 5794 Hungar.
973 5725 1090 5794 petens
1122 5715 1226 5793 ipsum
1259 5714 1411 5792 compelli
1435 5715 1476 5775 ad
1501 5713 1690 5776 solvendum
1716 5715 1858 5776 eosdem.
1892 5713 1942 5775 Ex
