4458 6674
430 643 489 722 146
903 643 995 691 ACTA
1015 642 1137 693 lUDICll
1158 643 1294 693 ECCLES.
1316 641 1502 694 PLOCENSIS

738 736 843 743 —---
872 737 935 741 —-
972 735 1049 742 -—.-.-
1065 735 1257 742 -.--..-·--—
1269 736 1627 742 --.-———-.--—

425 857 502 918 riam
528 853 564 935 (s)
588 853 753 916 valcamus
777 873 955 926 occurrere,
988 854 1220 916 committimus
1245 853 1435 916 Wladimiro
1467 857 1579 936 nepoti
1605 865 1718 917 nostro
1750 857 1977 918 auctoritatem

425 973 458 1026 et
481 963 648 1024 licenciam
680 960 900 1022 omnimodam
933 961 1143 1022 construendi
1175 970 1208 1022 et
1232 960 1401 1023 edificandi
1425 960 1595 1024 ecclesiam
1627 965 1658 1023 in
1683 961 1841 1024 honorem
1867 963 1897 1024 b.
1922 962 1978 1025 Ca·

425 1071 548 1134 therine
566 1069 710 1149 Virginis
734 1080 767 1129 et
792 1069 930 1128 martiris
955 1068 984 1126 in
1003 1067 1097 1128 bonis
1114 1068 1180 1129 suis
1204 1067 1482 1148 patrimonialibus
1501 1067 1594 1150 Lang
1611 1072 1804 1149 nuncupatis
1828 1071 1979 1132 duximus

425 1177 677 1241 concedendum.
702 1175 823 1236 Verum
850 1175 924 1254 quia
940 1175 1095 1252 scriptum
1114 1185 1175 1236 est:
1206 1171 1288 1254 »Qui
1312 1175 1406 1236 altari
1430 1177 1537 1244 servit,
1565 1179 1671 1238 vivere
1694 1175 1792 1238 debet
1808 1177 1850 1238 de
1867 1175 1975 1236 altari«

425 1284 575 1348 fratribus
600 1284 719 1344 nostris¹
743 1281 927 1342 volentibus
959 1291 993 1342 et
1017 1281 1301 1342 consencientibus
1325 1281 1413 1344 dicte
1438 1283 1574 1344 ecclesie
1604 1285 1633 1344 in
1661 1281 1756 1363 Lang
1781 1284 1925 1344 decimas
1947 1285 1978 1342 in

426 1391 505 1454 villis
536 1389 748 1480 infrascriptis
780 1408 852 1449 cum
885 1388 973 1448 omni
1006 1389 1071 1449 iure
1104 1387 1280 1468 parochiali
1312 1389 1426 1450 damus
1457 1389 1550 1452 titulo
1587 1400 1745 1470 perpetue
1777 1391 1979 1451 donacionis:

426 1501 531 1580 primo
554 1511 586 1560 et
605 1494 824 1578 principaliter
848 1495 950 1576 ipsam
969 1494 1077 1556 villam
1096 1494 1196 1574 Lang,
1222 1495 1357 1576 Mlycze‚
1383 1517 1442 1576 per
1457 1507 1563 1559 totum
1588 1493 1742 1577 Swynno
1769 1495 1978 1576 Brzelczycze

425 1619 458 1669 et
490 1603 717 1674 Sbrzechowo,
756 1602 856 1674 Psari,
893 1600 1080 1682 Chudzyno,
1115 1600 1301 1682 Mogrzska‚
1336 1623 1393 1682 per
1425 1612 1528 1664 totum
1563 1602 1758 1678 Cowalewo,
1791 1603 1978 1684 Wyllcaszy.

425 1713 616 1784 Sbrudowo,
641 1709 840 1791 quadruplici
867 1706 1041 1782 Guthowo,
1067 1705 1261 1786 Golenycze,
1286 1708 1445 1782 Coslawa,
1470 1729 1585 1772 ornnes
1603 1711 1639 1791 (sl
1658 1711 1887 1792 lllogyluycza
1917 1709 1979 1770 Ku-

425 1819 567 1899 kalycze‚
598 1839 656 1896 per
680 1825 784 1880 totum
810 1815 928 1894 Prussi‚
962 1835 1097 1894 parvum
1123 1813 1217 1896 Lang
1241 1827 1308 1877 tam
1334 1836 1389 1894 per
1415 1816 1542 1878 nobiles
1566 1837 1663 1897 quam
1689 1817 1885 1880 kinethones
1908 1837 1979 1878 cum

430 1928 575 2004 decimis;
600 1927 629 1986 in
647 1924 707 1986 hiis
724 1943 803 1984 vero
820 1922 911 1984 villis:
938 1921 1136 2003 Popowyno,
1162 1920 1250 2002 Slup,
1274 1921 1488 2004 Szemyanye.
1514 1922 1667 1986 Gawroni
1685 1925 1827 2003 predicta
1844 1923 1980 1986 ecclesia

425 2038 456 2098 in
482 2034 577 2114 Lang
609 2052 672 2092 non
698 2031 839 2092 decimas
871 2030 929 2090 sed
954 2031 1001 2090 ius
1025 2039 1151 2091 tantum
1182 2029 1364 2108 parochiale
1388 2031 1547 2092 retinebit.
1590 2030 1634 2092 Ut
1658 2041 1766 2093 autem
1799 2031 1980 2092 huiusmodi

428 2143 566 2206 donacio
592 2139 678 2200 dicte
703 2137 839 2199 ecclesie
864 2137 894 2196 in
920 2135 1013 2216 Lang
1039 2136 1122 2198 lacta
1148 2138 1248 2197 robur
1270 2137 1417 2198 obtineat
1444 2149 1600 2218 perpetue
1626 2136 1786 2200 firmitatis
1810 2149 1980 2217 presentes

427 2251 550 2310 litteras
576 2245 641 2306 fieri
658 2247 826 2324 nostrique
851 2244 943 2322 sigilli
961 2254 993 2304 et
1011 2243 1141 2322 capituli
1159 2245 1261 2306 nostri
1277 2245 1453 2306 munimine
1469 2245 1618 2306 iussimus
1635 2247 1834 2306 communiri.
1860 2245 1980 2306 Actum

426 2370 459 2418 et
476 2357 586 2418 datum
605 2353 746 2414 Ploczlro
765 2351 808 2412 Vl
827 2371 929 2412 nonas
947 2348 1099 2413 Octobris
1115 2349 1160 2430 (d.
1178 2369 1198 2410 2
1220 2347 1375 2432 Octobris)
1392 2371 1441 2412 an.
1461 2349 1501 2412 D.
1518 2349 1690 2414 MCCClX
1713 2353 1893 2414 indiccione
1912 2351 1979 2412 Vll.

639 2545 680 2608 A.
709 2559 801 2624 1510,
827 2542 951 2622 Aprilis
984 2545 1012 2614 8,
1038 2545 1068 2604 in
1094 2545 1287 2606 consistorio
1314 2543 1467 2606 Plocensi.

534 2669 623 2737 309.
648 2671 746 2750 (Acta
770 2667 853 2731 ostie.
880 2667 976 2746 llal..
1001 2667 1122 2728 Honor.
1140 2666 1223 2728 dnus
1242 2667 1392 2730 Andreas
1416 2667 1457 2729 dc
1475 2667 1691 2748 Naquassino,
1716 2689 1882 2731 causarum
1908 2689 1980 2732 con·

428 2783 546 2844 sistorii
573 2779 739 2840 Plocensis
764 2786 796 2838 et
821 2795 925 2838 vener.
951 2777 1005 2836 dni
1030 2775 1137 2836 lacobi
1162 2775 1302 2857 Zalesky
1327 2777 1473 2839 canonici
1498 2775 1659 2838 Plocensis
1683 2777 1844 2858 legitimus
1869 2799 1980 2859 procu·

427 2907 523 2960 rator,
548 2885 744 2968 reproducto
769 2884 943 2944 monitorio
967 2893 1080 2944 contra
1104 2903 1298 2962 generosum
1324 2883 1422 2946 dnum
1443 2883 1634 2965 Procopium
1660 2881 1838 2965 Szyeprski
1862 2886 1980 2966 capita·

427 3015 522 3058 neum
555 3003 588 3056 et
612 2990 823 3056 vexilliferum
858 2989 1080 3051 Plocensem..
1108 2991 1221 3068 petivit
1246 2993 1351 3071 ipsum
1385 2993 1569 3052 sentencias
1599 2992 1981 3054 excommunicacionis..

426 3103 576 3164 incidisse
601 3097 767 3162 declarari.
794 3097 843 3158 lssx
869 3097 1042 3160 adverso„
1067 3099 1184 3160 nobilis
1209 3097 1323 3160 Paulus
1347 3098 1389 3160 de
1414 3096 1703 3180 Wythoslawycze
1726 3097 1831 3160 dictus
1856 3096 1979 3161 Oszuth

426 3209 690 3286 vicecapitaneus
722 3215 754 3266 ct
779 3215 968 3284 procurator
1002 3204 1076 3266 dicti
1101 3206 1155 3266 dni
1180 3207 1375 3286 capitanei..
1406 3205 1488 3268 dixit
1513 3225 1576 3265 non
1602 3205 1721 3267 debere
1753 3207 1856 3284 ipsum
1882 3205 1978 3268 dnum

428 3317 633 3395 capitaneum
659 3311 812 3374 declarari
837 3331 880 3372 ex
904 3331 952 3382 e0,
984 3313 1058 3392 quia
1082 3311 1192 3382 boves,
1217 3333 1278 3394 pro
1304 3313 1420 3391 quibus
1444 3313 1586 3392 monitus
1609 3323 1668 3382 est,
1701 3316 1821 3394 recepit
1846 3314 1979 3376 eosdem

428 3433 484 3483 aut
508 3422 606 3500 recipi
631 3419 794 3480 mandavit
818 3420 848 3478 in
874 3420 937 3478 vim
963 3421 1203 3498 pignoracionis
1227 3421 1271 3481 ob
1288 3441 1351 3480 non
1369 3417 1568 3480 solucionem
1586 3431 1745 3481 certarum
1771 3420 1980 3482 contribucio·

429 3549 503 3590 num
522 3527 560 3589 R.
578 3527 655 3588 Mtis
672 3537 736 3586 tam
756 3545 813 3606 per
830 3526 1012 3604 spirituales
1029 3547 1125 3606 quam
1144 3529 1241 3588 etiam
1259 3526 1421 3588 seculares
1446 3546 1604 3605 personas
1628 3529 1658 3586 in
1684 3527 1979 3588 convencione

429 3633 623 3716 generali
653 3631 852 3694 laudatarum
878 3642 911 3693 et
935 3643 1142 3710 statutarum;
1167 3633 1302 3695 Andrea
1327 3647 1538 3713 procuratore
1562 3633 1616 3692 dni
1641 3631 1769 3694 Zaleski
1793 3633 1978 3713 replicante.

429 3742 517 3823 quod
541 3741 724 3802 huiusmodi
750 3741 907 3818 excepcio
932 3740 1037 3800 locum
1063 3760 1127 3800 non
1154 3741 1261 3810 habet.
1294 3744 1368 3820 quia
1393 3762 1453 3820 pro
1477 3739 1627 3802 omnibus
1651 3750 1684 3801 et
1709 3739 1842 3822 singulis
1865 3741 1980 3802 contri·

430 3849 619 3910 bucionibus
643 3845 682 3908 R.
707 3845 784 3908 Mtis
809 3867 866 3926 per
890 3848 988 3908 dnum
1014 3849 1204 3909 canonicum
1230 3847 1357 3910 Zaleslri
1382 3849 1576 3911 tenutarium
1601 3847 1675 3909 ville
1707 3849 1738 3908 in
1763 3845 1978 3926 Carwoszych

429 3955 488 4018 fuit
512 3966 545 4017 et
569 3967 619 4016 est
644 3951 853 4026 satisfactum,
888 3966 988 4044 prout·
1015 3975 1050 4016 se
1076 3953 1235 4016 referebat
1267 3966 1300 4016 et
1325 3955 1421 4016 resert
1453 3955 1494 4015 ad
1527 3955 1719 4035 quittancias
1751 3953 1979 4016 satisfactionis

429 4063 640 4140 eiusdemque
666 4061 859 4140 quittancias
875 4061 994 4122 ibidem
1012 4064 1041 4122 in
1060 4063 1199 4122 medium
1226 4063 1381 4141 produxit
1405 4073 1438 4124 et
1455 4063 1495 4122 de
1512 4062 1678 4122 solucione
1702 4061 1978 4122 contribucionum

431 4171 467 4232 R.
493 4169 570 4232 Mus
602 4169 692 4230 totali
725 4167 920 4231 sufficienter
952 4171 1060 4231 docuit
1093 4183 1125 4230 et
1150 4169 1237 4248 quod
1263 4168 1378 4249 prefati
1404 4170 1506 4232 boves
1538 4167 1666 4230 fuerunt
1697 4180 1730 4228 et
1754 4179 1828 4228 sunt
1860 4169 1980 4247 recepti

429 4277 588 4339 violenter
612 4285 746 4356 propter
770 4286 892 4337 certum
920 4280 1079 4354 privatum
1105 4275 1214 4338 odium
1239 4286 1352 4338 contra
1376 4277 1481 4358 ipsum
1507 4277 1606 4338 dnum
1631 4276 1820 4336 canonicum
1845 4293 1980 4354 concep·

429 4395 497 4446 turn
529 4396 561 4444 et
586 4395 760 4463 propterea
793 4383 1031 4444 declarandum.
1072 4383 1113 4444 Et
1138 4385 1220 4444 dnus
1249 4381 1435 4445 Officialis..
1468 4385 1637 4462 suspendit
1669 4383 1841 4464 negocium
1874 4391 1977 4444 totum

429 4511 559 4552 cause..
584 4492 625 4552 ad
651 4490 774 4552 felicem
799 4491 972 4552 adventurn
1000 4492 1073 4552 Rmi
1098 4491 1150 4551 dni
1176 4490 1303 4552 Erasmi
1328 4492 1476 4571 episcopi
1500 4489 1666 4552 Plocensis
1690 4490 1740 4550 hic
1765 4489 1795 4550 in
1816 4489 1978 4550 civitatem

430 4597 626 4660 Plocensem.

641 4789 683 4854 A.
715 4805 804 4871 1510,
828 4792 951 4870 Aprilis
982 4807 1027 4872 15,
1051 4793 1083 4852 in
1108 4794 1304 4854 consistorio
1328 4790 1485 4854 Plocensi.

536 4913 626 4982 310.
657 4918 755 4996 (Aeta
780 4917 862 4980 ollio.
887 4917 959 4994 lla).
999 4917 1121 4980 Honor.
1145 4918 1228 4980 dnus
1253 4917 1406 4977 Andreas
1438 4918 1478 4978 de
1503 4915 1724 4996 Naquaszyno
1756 4925 1979 4996 procurator..

428 5027 482 5088 dni
500 5025 666 5086 Michaelis
683 5023 722 5086 D.
740 5045 769 5104 g.
787 5027 932 5105 episcopi
951 5025 1227 5106 Margarithensis‚
1244 5023 1439 5104 suliraganei
1457 5034 1489 5084 ct
1505 5024 1651 5084 canonici
1670 5021 1843 5092 Plocensis,
1868 5031 1980 5082 contra

428 5133 569 5196 nobilem
604 5132 778 5194 Iohannem
811 5133 851 5194 de
885 5130 1118 5212 Czyolkowo..
1152 5133 1323 5211 proposuit
1354 5129 1464 5202 verb0,
1501 5131 1576 5209 quia
1607 5131 1677 5209 ipse
1709 5148 1796 5190 anno
1828 5129 1979 5208 proximo

428 5241 536 5304 eundo
560 5259 671 5300 versus
696 5237 952 5300 Moldaviam
978 5259 1113 5298 unacum
1139 5251 1228 5298 certo
1254 5237 1374 5298 famulo
1400 5225 1459 5297 s'uo
1483 5239 1514 5296 in
1538 5235 1612 5298 villa
1638 5235 1827 5316 Vyczyewo
1851 5236 1977 5298 cuidam

428 5347 590 5410 cmethoni
617 5347 670 5406 dni
695 5344 894 5426 Suffraganei
928 5347 1058 5406 nomine
1083 5343 1246 5407 Stanislao
1279 5347 1367 5406 dicto
1391 5342 1561 5422 Tobolycz
1593 5345 1716 5422 recepit
1749 5363 1805 5404 seu
1838 5342 1981 5420 recipere

429 5455 594 5516 mandavit
619 5473 737 5535 equum
762 5455 879 5514 valoris
904 5452 1004 5534 ege,
1029 5466 1144 5532 petens
1168 5472 1241 5512 eum
1267 5453 1308 5512 ad
1325 5451 1567 5513 restitucionem
1592 5451 1666 5529 equi
1691 5459 1747 5511 aut
1763 5449 1841 5510 alias
1864 5447 1981 5508 valoris

429 5562 626 5622 solucionem
661 5560 804 5622 eiusdem
829 5563 911 5638 cogi.
952 5559 1001 5620 Ex
1027 5559 1163 5619 adverso
1189 5557 1335 5619 nobilis..
1361 5561 1524 5636 negavit..
1553 5569 1616 5618 et..
1643 5560 1887 5617 iuramentum..
1914 5575 1982 5635 pre-

428 5669 527 5732 stabit
552 5669 580 5728 in
607 5669 768 5749 quindena
795 5670 1021 5748 peremptorie.
