4392 6672
410 701 458 769 42
889 684 982 736 acra
1000 681 1124 736 rumen
1141 683 1277 733 scenas.
1299 681 1486 733 raocansrs

411 905 495 965 terio
518 921 591 964 cum
616 900 704 964 dicto
728 898 856 962 Thoma
881 898 1048 969 advocato,
1072 898 1225 976 quodque
1257 893 1362 958 eidem
1396 895 1519 956 mulieri
1550 893 1687 956 inhibita
1715 893 1810 956 fuerit
1838 893 1879 954 ad
1903 913 1967 954 ma·

413 1010 552 1072 nendum
578 1007 651 1071 villa
675 1005 837 1070 Cosslovo
860 1005 1013 1084 predicta,
1038 1005 1093 1084 qui
1109 1014 1225 1064 contra
1240 1002 1496 1083 prohibicionem
1513 1000 1649 1064 eandem
1668 1002 1832 1062 mulierem
1854 1001 1966 1062 tenuit.

413 1116 493 1179 Item
519 1116 632 1177 iterum
665 1116 767 1195 prima
800 1112 970 1174 Dominica
1001 1121 1077 1192 post
1102 1110 1219 1172 festum
1245 1131 1269 1170 s.
1294 1107 1461 1171 Michaelis
1485 1109 1516 1168 in
1540 1108 1750 1170 dedicacione
1775 1105 1912 1169 ecclesie
1936 1109 1968 1168 in

412 1222 532 1285 ibidem
557 1219 699 1283 Mathias
724 1219 882 1300 plebanus
906 1217 1051 1299 prefatus
1079 1227 1214 1278 cantans
1245 1235 1405 1277 summam
1430 1215 1571 1286 missam,
1604 1213 1738 1277 verbum
1770 1213 1882 1276 salutis
1915 1235 1968 1293 po-

412 1327 489 1412 pulo
522 1329 562 1390 ad
593 1329 700 1390 divina
731 1338 933 1406 congregato
966 1343 1161 1406 proponens,
1195 1336 1269 1402 post
1296 1341 1481 1384 sermonem
1510 1321 1656 1384 similiter
1688 1322 1812 1384 monuit
1847 1323 1967 1382 dictum

412 1435 574 1498 Thomam
599 1445 633 1498 et
658 1443 794 1496 matrem
819 1436 887 1495 eius
911 1432 1023 1493 dicens
1054 1432 1084 1491 in
1108 1431 1169 1492 hec
1195 1430 1292 1491 verba
1324 1428 1375 1492 vel
1399 1431 1447 1492 eis
1480 1431 1511 1489 in
1536 1428 1651 1490 effectu
1681 1427 1804 1490 similia:
1838 1427 1884 1490 lbi
1917 1438 1968 1490 est

412 1543 499 1623 apud
523 1541 686 1604 Thomam
717 1542 912 1602 advocatum
940 1541 971 1600 in
996 1537 1157 1600 Cosslovo
1189 1549 1220 1599 et
1252 1546 1387 1598 matrem
1413 1537 1482 1598 eius
1506 1537 1646 1617 quedam
1671 1534 1786 1596 mulier
1809 1537 1967 1608 maritata,

413 1651 463 1710 cui
486 1649 561 1710 villa
585 1660 635 1710 est
661 1647 830 1727 prohibita,
855 1655 888 1708 et
913 1664 1031 1706 moneo
1055 1665 1126 1706 eam
1156 1644 1216 1706 sub
1248 1663 1332 1722 pena
1357 1643 1717 1714 excommunicacionis,
1749 1653 1783 1705 ut
1815 1663 1880 1702 non
1906 1662 1966 1702 ma-

413 1765 489 1818 neat
513 1756 544 1816 in
568 1775 642 1816 mea
667 1753 828 1834 parochia.
852 1752 895 1814 Et
919 1752 1027 1813 audita
1052 1751 1234 1812 monicione
1256 1749 1383 1832 prefata
1410 1749 1556 1812 Thomas
1583 1749 1761 1812 advocatus
1789 1749 1831 1812 de
1858 1749 1968 1811 Coslo-

415 1883 498 1924 wo..
530 1861 713 1923 clamorosa
743 1880 825 1922 voce
856 1861 887 1920 in
920 1868 1097 1939 conspectu
1130 1859 1240 1940 populi
1273 1856 1313 1918 ad
1345 1858 1455 1919 divina
1486 1859 1675 1939 congregati
1700 1857 1795 1918 dixit:
1841 1855 1892 1916 Tu
1916 1875 1969 1916 me

412 1970 553 2049 castigas
576 1979 609 2030 et
633 1965 720 2030 solus
745 1987 779 2028 es
804 1968 895 2046 peior
918 1978 951 2028 et
975 1967 1110 2026 moraris
1132 1964 1312 2036 inhoneste,
1338 1975 1372 2026 ut
1396 1964 1437 2026 ad
1462 1973 1494 2025 te
1520 1985 1584 2025 non
1602 1965 1704 2030 decet.
1718 1999 1761 2008 —-
1775 1972 1808 2024 et
1825 1962 1966 2044 plebano

413 2075 551 2138 faciente
576 2075 851 2155 protestacionem
875 2093 984 2134 coram
1009 2069 1131 2152 populo
1154 2073 1225 2150 ipse
1249 2071 1395 2133 Thomas
1426 2073 1541 2134 iterum
1571 2072 1726 2143 adiunxit,
1760 2071 1873 2132 dicens
1904 2071 1969 2132 alta

413 2202 494 2244 voce
525 2182 643 2244 ibidem
676 2181 707 2242 in
741 2181 891 2244 ecclesia:
922 2179 965 2240 Et
996 2199 1061 2240 non
1093 2179 1283 2240 memoraris
1315 2191 1358 2244 tu,
1391 2177 1522 2258 quando
1551 2191 1585 2238 tn
1610 2177 1811 2239 discurrebas
1836 2197 1894 2256 per
1917 2197 1969 2238 ne-

413 2308 504 2349 mora
527 2307 599 2348 cum
624 2287 755 2349 muliere
779 2287 983 2367 propinando
1007 2285 1187 2364 cervisiam;
1213 2285 1394 2365 adiungens
1417 2287 1519 2346 eciam
1545 2295 1578 2348 et
1601 2285 1711 2346 dicens
1734 2287 1766 2346 in
1790 2283 1851 2346 hec
1870 2285 1968 2347 verba

412 2395 464 2456 vel
488 2394 589 2456 eisin
614 2393 730 2454 ellectu
754 2391 881 2454 similia:
913 2389 1032 2455 Gratus
1064 2411 1108 2460 es,
1141 2393 1216 2473 quia
1241 2403 1369 2470 portata
1397 2403 1447 2453 est
1471 2391 1586 2453 ancilla
1610 2391 1674 2453 filio
1698 2403 1769 2469 tuo;
1793 2392 1854 2454 alia
1879 2393 1969 2474 plura

413 2503 525 2564 dicens
548 2511 581 2564 et
604 2499 747 2563 clamans
770 2501 801 2561 in
827 2498 964 2561 ecclesia
989 2511 1022 2561 et
1046 2500 1207 2580 precipue,
1241 2486 1316 2580 quia
1340 2501 1442 2560 eciam
1466 2500 1550 2560 dixit
1574 2501 1604 2560 in
1629 2498 1777 2561 ecclesia:
1813 2497 1880 2561 Ero
1912 2499 1969 2560 tibi

413 2607 532 2676 similis,
557 2609 639 2670 sicut
663 2615 697 2670 et
720 2617 755 2669 tu
779 2606 885 2668 michi.
909 2603 1070 2668 Plebanus
1095 2616 1231 2687 propter
1254 2606 1429 2668 clamorem
1455 2617 1488 2668 et
1512 2606 1721 2668 insolenciam
1738 2607 1807 2668 eins
1824 2608 1968 2669 nondum

414 2726 547 2796 peracto
570 2713 677 2775 officio
701 2713 941 2776 exhortacionis
965 2713 1134 2776 descendit
1158 2711 1200 2776 de
1224 2715 1301 2776 sede
1325 2714 1365 2774 ad
1391 2713 1492 2776 altare
1516 2713 1555 2774 ad
1573 2712 1802 2794 complendum
1827 2715 1968 2775 missam.

412 2821 521 2884 Testis
545 2821 626 2884 dixit
651 2821 797 2902 predicta
821 2821 990 2892 audivisse,
1015 2821 1088 2901 quia
1113 2833 1189 2884 tune
1213 2822 1297 2882 rexit
1321 2821 1465 2892 chorum,
1490 2821 1550 2882 sub
1574 2841 1639 2900 quo
1664 2821 1766 2882 choro
1790 2831 1866 2881 tunc
1883 2820 1968 2881 idem

413 2927 559 2990 Thomas
584 2927 650 3000 fuit,
675 2937 801 2990 tantum
826 2929 908 2990 dixit
932 2927 992 2989 sibi
1016 2927 1247 3005 constare..¹).

629 3103 671 3168 A.
700 3119 795 3188 1475,
820 3104 956 3168 Ianuarii
986 3119 1032 3186 17,
1057 3107 1088 3168 in
1112 3105 1305 3168 consistorio
1330 3105 1560 3168 Polthoviensi.

525 3207 612 3278 113.
637 3212 738 3289 (Acta
761 3209 845 3273 offic.
869 3211 935 3292 Ν).
967 3211 1002 3272 ln
1033 3231 1132 3276 causa
1163 3213 1292 3274 discreti
1326 3210 1451 3274 Nicolai
1476 3212 1516 3273 de
1540 3211 1711 3275 Vasosche
1735 3232 1807 3274 cum
1834 3213 1970 3293 provido

414 3317 514 3381 Paulo
542 3319 661 3380 Munch
694 3319 862 3400 oppidano
893 3318 933 3381 de
958 3319 1128 3381 Vasosche
1162 3339 1242 3399 mgr.
1274 3317 1390 3381 Petrus
1421 3319 1551 3380 nomine
1584 3321 1809 3400 procuratorio
1840 3319 1970 3382 discreti

415 3425 571 3488 Nicolai..
596 3427 769 3507 proposuit
786 3445 845 3506 pro
862 3446 910 3494 eo,
936 3427 1010 3505 quia
1026 3427 1087 3488 sibi
1110 3429 1282 3506 occupavit
1308 3429 1491 3506 granarium
1514 3429 1696 3505 patrimonii
1714 3430 1762 3490 sui
1779 3447 1851 3488 cum
1869 3428 1970 3509 pratis

413 3542 447 3594 et
471 3534 550 3594 ortis
574 3531 760 3612 fructusque
788 3533 927 3612 percipit
958 3532 1000 3594 ab
1025 3531 1101 3594 Vlll
1133 3535 1235 3594 annis:
1270 3533 1416 3614 quolibet
1439 3553 1524 3598 anno
1555 3555 1615 3614 per
1646 3534 1712 3596 XX
1735 3555 1782 3615 gr.
1814 3536 1969 3615 percepit,

414 3649 531 3719 petens
554 3637 706 3719 compelli
729 3639 770 3700 ad
795 3639 1037 3701 restitucionem
1061 3649 1095 3701 et
1118 3639 1158 3700 ad
1176 3640 1356 3702 cessionem
1381 3641 1422 3702 de
1439 3641 1556 3702 eodem
1580 3643 1738 3722 granario.
1764 3641 1817 3704 Ex
1832 3642 1969 3702 adverso

414 3745 526 3808 honor.
551 3744 696 3808 Thomas
720 3755 912 3827 procurator
935 3747 1005 3808 laici
1031 3747 1184 3826 produxit
1209 3748 1332 3810 litteras
1355 3749 1396 3810 de
1422 3749 1537 3810 iudicio
1561 3771 1580 3810 a
1604 3749 1798 3824 consulibus,
1826 3748 1970 3830 allegans

414 3870 482 3914 rem
506 3851 689 3928 iudicatam,
713 3853 845 3933 insuper
868 3853 1008 3915 litteram
1032 3853 1178 3916 ducalem
1202 3853 1263 3916 sub
1286 3854 1401 3935 sigillo.
1434 3855 1486 3918 Ex
1509 3856 1649 3918 adverso
1673 3877 1754 3936 mgr.
1779 3856 1893 3918 Petrus
1916 3874 1969 3919 ex·

414 3959 501 4038 cepit
525 3967 638 4021 contra
663 3957 795 4039 litteras,
819 3960 908 4039 quod
923 3971 998 4022 sunt
1022 3961 1212 4040 surrepticie
1228 3961 1402 4041 impetrate
1419 3971 1451 4024 et
1468 3962 1605 4024 obtente
1622 3982 1685 4024 non
1703 3964 1844 4024 iudicata
1862 3975 1967 4042 parte;

414 4067 545 4145 insuper
568 4063 727 4145 allegavit,
753 4066 841 4146 quod
866 4087 930 4127 non
955 4067 1128 4148 resignavit
1152 4087 1262 4129 coram
1287 4068 1427 4130 scabinis
1452 4067 1596 4147 prefatus
1617 4069 1772 4132 Nicolaus
1788 4071 1968 4152 predictum

413 4171 596 4252 granarium
621 4191 694 4234 curn
719 4175 807 4244 ortis
832 4174 934 4254 pratis
957 4175 1047 4236 iuxta
1071 4175 1341 4238 consuetudinem
1366 4175 1487 4238 banniti
1513 4175 1626 4247 iudicii,
1651 4187 1685 4240 et
1708 4177 1839 4258 insuper
1855 4176 1969 4258 allega·

415 4279 468 4351 vit,
493 4277 582 4358 quod
605 4277 760 4340 Nicolaus
784 4299 844 4358 per
866 4280 915 4340 ius
939 4282 1086 4361 superius
1110 4280 1190 4342 alias
1213 4281 1297 4359 ortyl
1318 4281 1417 4342 latum
1442 4281 1483 4344 de
1502 4281 1628 4364 Wyzna
1645 4283 1793 4363 obtinuit,
1816 4284 1856 4346 ad
1882 4283 1968 4364 quod

415 4405 450 4446 se
475 4383 570 4447 refert
594 4385 635 4446 ad
659 4385 810 4447 consules
833 4396 901 4448 tam
926 4385 1130 4467 Wyznenses
1163 4407 1259 4468 quam
1284 4389 1315 4448 in
1341 4387 1520 4466 Vasosche,
1553 4390 1607 4470 qui
1638 4391 1708 4453 viso
1741 4389 1857 4452 eodem
1889 4389 1973 4469 ortyl

414 4490 518 4553 eidem
544 4491 682 4553 Nicolao
705 4491 971 4556 adiudicaverunt
1002 4494 1122 4556 dictum
1154 4495 1346 4574 granarium,
1379 4507 1413 4556 et
1437 4493 1498 4558 hec
1521 4499 1631 4559 omnia
1656 4495 1772 4560 obtulit
1796 4517 1832 4558 se
1856 4497 1969 4577 proba·

414 4606 529 4660 turum.
561 4597 604 4658 Et
627 4597 778 4661 dominus
802 4601 878 4663 visis
902 4601 1018 4662 litteris
1049 4601 1110 4663 sub
1141 4601 1248 4682 sigillo
1280 4604 1420 4665 civitatis
1451 4612 1485 4665 et
1516 4603 1655 4667 litteram
1687 4603 1833 4666 ducalem
1858 4601 1970 4666 confir·

415 4713 557 4766 mantem
583 4705 868 4778 adiudicacionem,
894 4726 989 4788 quam
1015 4705 1158 4770 fecerant
1175 4707 1228 4770 dni
1246 4708 1397 4769 consules
1414 4719 1448 4772 et
1463 4709 1546 4772 dnus
1563 4711 1716 4792 princeps
1731 4731 1805 4772 cum
1822 4711 1968 4793 dominis,

416 4831 550 4892 quarum
575 4811 752 4876 litterarum
785 4815 900 4876 seriem
925 4816 1066 4878 inserere
1090 4816 1182 4878 iussit
1207 4823 1240 4876 et
1263 4815 1329 4877 dno
1353 4814 1490 4877 Nicolao
1515 4837 1613 4897 super
1637 4818 1748 4898 petitis
1773 4817 1969 4898 silencium²l

415 4919 571 4996 imposuit
594 4930 628 4982 et
651 4921 682 4980 in
706 4921 861 5002 expensis
886 4921 1142 5003 condempnavit
1166 4921 1336 4984 Nicolaum
1360 4923 1390 4982 in
1413 4922 1457 4984 XI
1474 4941 1521 5000 gr.
1545 4922 1710 4986 solvendis
1732 4924 1815 4986 infra
1839 4926 1969 5005 quinde-

415 5043 498 5097 nam,
523 5025 674 5105 aquibus
698 5027 848 5090 omnibus
874 5047 951 5108 mgr.
970 5029 1085 5093 Petrus
1107 5029 1349 5110 gravaminibus
1374 5027 1552 5111 appellavit
1576 5031 1617 5090 ad
1643 5029 1828 5112 generalem
1853 5029 1968 5094 officia·

415 5128 478 5191 lem
503 5129 728 5196 Plocensem..

628 5309 670 5372 A.
699 5325 789 5392 1475,
815 5311 981 5375 Februarii
1013 5314 1059 5386 18,
1084 5314 1114 5375 in
1139 5314 1333 5376 consistorio
1357 5313 1586 5376 Polthoviensi.

525 5411 613 5481 114.
637 5415 735 5498 (Acta
752 5417 835 5480 offic.
852 5419 910 5501 IV)
921 5469 944 5482 ..
971 5419 1137 5482 Honestus
1155 5421 1269 5483 Petrus
1286 5421 1327 5483 de
1345 5420 1586 5483 Kowalowicze
1610 5423 1746 5485 nacione
1770 5425 1968 5504 recognovit,

415 5523 491 5602 quia
519 5525 607 5602 apud
631 5544 739 5587 vener.
764 5525 849 5588 viros
874 5527 1019 5607 prelatos
1051 5540 1084 5589 et
1110 5529 1287 5590 canonicos
1309 5527 1531 5591 Poltoviensls
1565 5529 1702 5591 ecclesie
1727 5531 1870 5610 suscepit
1893 5549 1969 5591 man

524 5713 542 5773 ¹)
564 5712 647 5780 Pieclu
666 5718 782 5783 dalrzych
801 5719 938 5769 swiadlrdw
957 5719 1056 5780 music
1075 5719 1205 5784 podobuie
1223 5719 1338 5785 zupeluie
1355 5719 1399 5784 jak
1418 5721 1546 5786 pierwsay.
1566 5717 1587 5786 'l
1606 5721 1671 5770 Cod.
1690 5719 1808 5786 sigillum,
