4458 6674
422 701 482 762 134
889 685 982 733 ACTA
1001 685 1124 734 IUDlCII
1141 686 1278 737 ECCLES.
1299 686 1487 735 PLOCENSIS

868 775 956 782 -——
1259 777 1954 784 *uu—ffl—-u

417 895 536 970 damni,
569 895 657 976 quod
681 897 781 976 ipsius
806 897 1022 958 submissione
1045 907 1240 960 consecutus
1264 909 1323 970 est,
1355 899 1395 958 ad
1420 897 1620 960 solucionem
1644 896 1805 978 compelli.
1841 897 1892 960 Ex
1915 898 1969 958 ad-

416 1021 511 1063 verso
535 1003 694 1065 Martinus
718 1003 760 1064 de
776 1003 933 1084 Zaleszye
957 1017 1148 1084 procurator
1174 1005 1296 1066 Mathie
1320 1005 1518 1066 balneatoris
1542 1005 1583 1066 de
1601 1004 1724 1066 Lomza
1748 1007 1829 1066 citra
1852 1025 1968 1086 appro-

417 1109 586 1169 bacionem
611 1110 842 1171 iurisdiccionis
867 1111 1020 1190 allegavit
1044 1123 1154 1191 partes
1170 1113 1283 1172 ambas
1307 1133 1380 1173 esse
1402 1113 1562 1173 seculares
1586 1123 1619 1174 et
1637 1124 1811 1193 propterea
1837 1113 1967 1172 easdem

416 1215 535 1276 debere
560 1217 678 1277 remitti
703 1217 743 1276 ad
767 1217 815 1277 ius
839 1218 983 1278 seculare
1008 1227 1040 1278 et
1064 1238 1229 1296 expensas
1253 1217 1293 1278 ad
1320 1217 1416 1280 smem
1442 1219 1505 1280 litis
1528 1239 1696 1280 reservare
1720 1220 1762 1280 ob
1788 1218 1965 1282 indebitum

417 1332 568 1399 tractum;
592 1333 625 1382 et
641 1323 792 1384 dominus
817 1326 937 1385 remisit
962 1327 1003 1386 ad
1020 1327 1223 1386 consulatum
1249 1325 1465 1387 Lomzensem
1491 1347 1551 1406 pro
1575 1326 1787 1387 ministranda
1810 1326 1966 1387 iusticia..

629 1519 671 1576 Α.
702 1531 791 1596 1509,
818 1517 892 1578 lllaii
921 1534 968 1587 11,
992 1519 1023 1578 in
1049 1519 1244 1578 consistorio
1269 1517 1423 1580 Plocensi.

522 1639 612 1708 289.
638 1641 735 1722 (Acta
751 1641 833 1703 offic.
852 1641 924 1722 lla).
951 1642 984 1702 In
1003 1663 1100 1702 causa
1125 1644 1189 1703 Rdi
1207 1645 1307 1724 patris
1324 1644 1378 1704 dni
1397 1644 1561 1704 Michaelis
1586 1643 1778 1722 suffraganei
1804 1641 1968 1704 Plocensis

415 1761 529 1811 contra
553 1750 693 1810 nobilem
719 1749 887 1810 Nicolaum
913 1749 1125 1830 Baschynslri,
1158 1750 1271 1810 honor.
1296 1749 1499 1830 Augustinus
1530 1749 1572 1811 de
1597 1748 1825 1828 Wyschegrad
1856 1769 1967 1828 procu·

416 1866 503 1918 rator
527 1857 580 1918 dni
605 1854 841 1936 Suffraganei..
867 1859 1032 1918 accusavit
1056 1858 1293 1919 contumaciam
1318 1858 1461 1918 eiusdem
1487 1857 1633 1918 nobilis..
1658 1867 1691 1918 et
1716 1857 1835 1918 ibidem
1859 1855 1967 1916 imme·

416 1965 502 2025 diate
528 1975 640 2024 contra
665 1965 803 2043 ipsum..
829 1965 997 2044 proposuit
1022 1963 1133 2034 verbo,
1165 1965 1239 2042 quia
1271 1965 1349 2043 ipse,
1375 1964 1429 2024 lite
1454 1964 1618 2043 pendente
1646 1964 1817 2024 occasione
1843 1981 1969 2041 percus·

415 2072 514 2132 sionis
537 2071 746 2130 cmethonum
770 2071 800 2130 in
827 2069 1050 2132 Narnschowo
1073 2091 1137 2130 non
1157 2072 1318 2142 obstante,
1344 2073 1475 2133 veniens
1500 2089 1585 2131 anno
1611 2072 1753 2148 presenti
1777 2071 1861 2130 circa
1885 2067 1968 2132 festa

415 2199 439 2238 s.
465 2176 633 2238 Adrrlberti
660 2179 688 2236 in
717 2176 873 2256 prefatam
899 2178 1006 2238 villam
1024 2177 1283 2238 Naruschowo..
1300 2177 1418 2238 ibidem
1437 2177 1644 2240 Catherinam
1670 2195 1805 2238 uxorem
1821 2175 1967 2256 pellisrcis

415 2285 530 2345 baculo
556 2286 722 2361 percussit,
754 2285 884 2345 vulnera
911 2285 1005 2344 livida
1030 2284 1120 2364 plura
1146 2285 1250 2346 eidem
1275 2285 1380 2346 intulit
1411 2295 1444 2346 et
1468 2286 1499 2345 in
1525 2294 1596 2346 toto
1621 2284 1758 2346 eandem
1787 2283 1968 2344 debilitavit

415 2393 445 2451 in
471 2388 677 2470 vilipendium
703 2401 736 2451 et
761 2391 924 2451 levitatem
951 2393 1060 2469 ipsius,
1085 2393 1230 2452 iniuriam
1255 2405 1288 2452 et
1312 2393 1556 2472 percussionem
1581 2392 1750 2452 extimavit
1774 2403 1806 2452 et
1830 2391 1967 2452 extimat

414 2499 456 2559 ad
480 2497 577 2560 XXX
603 2497 677 2567 flor..
703 2507 819 2577 petens
843 2499 948 2577 ipsum
974 2500 1004 2558 in
1031 2499 1153 2559 eisdem
1179 2500 1413 2580 condempnari
1438 2510 1471 2560 et
1495 2498 1535 2558 ad
1559 2497 1760 2560 solucionem
1784 2497 1891 2576 cogi..
1914 2495 1968 2558 Ex

415 2605 553 2667 adverso
586 2605 701 2666 nobilis
733 2603 886 2666 Nicolaus
919 2603 1153 2684 Baschynski..
1187 2605 1349 2686 allegavit,
1383 2607 1471 2686 quod
1495 2606 1556 2666 iste
1580 2603 1740 2675 articulus,
1773 2624 1871 2684 super
1903 2623 1968 2683 quo

417 2722 597 2772 conventus
622 2721 679 2782 est,
704 2721 737 2772 et
762 2711 812 2771 alii
837 2709 967 2785 articuli,
1002 2732 1099 2789 super
1124 2713 1239 2792 quibus
1263 2715 1358 2774 datus
1383 2723 1432 2774 est
1456 2711 1582 2773 libellus
1606 2711 1725 2773 dudum
1758 2721 1968 2772 contraeunt

415 2819 584 2898 presertim
617 2838 715 2898 super
746 2819 954 2899 percussione
980 2817 1197 2893 cmethonum,
1235 2839 1299 2879 non
1325 2821 1465 2898 pertinet
1500 2838 1559 2880 nec
1592 2827 1720 2898 spectat
1751 2817 1792 2878 ad
1816 2817 1966 2878 iudicium

414 2925 579 3006 spirituale
604 2925 661 2986 sed
686 2923 838 2999 seculare,
864 2926 959 2985 etiam
986 2935 1120 2994 attento,
1154 2926 1241 3006 quod
1266 2925 1348 2986 illius
1373 2924 1444 2988 ville
1468 2926 1551 2987 dnus
1575 2924 1808 3004 Suffraganeus
1840 2943 1904 2986 non
1928 2925 1968 2984 sit

414 3033 572 3106 dominus,
609 3033 664 3092 sed
699 3032 854 3093 moniales
885 3033 959 3093 dive
990 3031 1091 3094 Marie
1116 3032 1311 3114 Magdalene
1343 3044 1437 3094 extra
1468 3053 1577 3094 muros
1604 3031 1788 3100 Plocenses,
1820 3051 1883 3110 que
1909 3049 1967 3109 pro

415 3139 522 3200 iniuria
548 3139 757 3199 cmethonum
776 3159 905 3200 suorum
923 3141 1085 3200 actionem
1103 3141 1259 3202 directam
1284 3139 1415 3210 habent,
1439 3149 1472 3202 et
1490 3160 1592 3219 nuper
1615 3142 1646 3200 in
1670 3139 1967 3200 convencione

413 3245 798 3326 Zakroczymiensi
830 3266 939 3306 coram
966 3248 1030 3308 dna
1054 3247 1136 3308 duce
1166 3257 1200 3308 et
1224 3248 1294 3308 aliis
1318 3248 1458 3308 dominis
1490 3249 1559 3326 ipse
1585 3247 1647 3306 dne
1672 3245 1828 3307 moniales
1853 3255 1967 3322 queste

413 3365 487 3414 sunt
512 3363 626 3413 contra
650 3354 754 3434 ipsum
779 3353 921 3414 nobilem
947 3353 1115 3414 Nicolaum
1141 3353 1360 3434 Baschynski‚
1395 3364 1509 3434 petens
1534 3374 1569 3414 se
1595 3354 1713 3414 remitti
1743 3352 1783 3412 ad
1807 3353 1856 3413 ius
1879 3370 1965 3412 secu·

413 3459 490 3522 lare.
527 3459 568 3520 Et
592 3460 675 3521 dnns
701 3457 888 3521 Officialis..
915 3462 1036 3521 remisit
1062 3481 1191 3522 causam
1217 3461 1257 3521 ad
1283 3464 1330 3522 ius
1354 3461 1498 3522 seculare
1523 3473 1676 3540 qnantum
1703 3459 1743 3522 ad
1767 3459 1966 3528 cmethones,

414 3577 568 3646 quantum
594 3587 671 3628 vero
688 3568 727 3626 arl
746 3566 898 3628 lamiliam
916 3567 970 3628 dni
986 3565 1188 3648 Suffraganei
1205 3578 1238 3629 et
1255 3569 1399 3629 eiusdem
1425 3565 1543 3628 familie
1562 3569 1837 3646 percussionem..
1862 3566 1966 3628 eidem

413 3674 511 3736 nobili
537 3675 736 3754 respondere
761 3674 926 3735 mandavit
951 3675 992 3735 ad
1017 3674 1130 3736 horam
1156 3694 1400 3755 vesperorum..

626 3867 667 3928 A.
697 3881 789 3946 1509,
814 3865 878 3926 lulii
904 3867 933 3938 6,
958 3868 988 3926 in
1014 3869 1208 3928 consistorio
1235 3868 1388 3929 l'loceusi.

520 3987 609 4054 290.
633 3991 730 4068 (Acta
747 3991 829 4052 offic.
847 3991 920 4070 lla).
946 3991 981 4052 In
998 4012 1095 4053 causa
1112 3995 1288 4054 venerandi
1314 3995 1416 4074 patris
1442 3993 1495 4053 dni
1513 3992 1664 4052 lobannis
1688 3991 1729 4052 de
1746 3989 1965 4071 Croszczycze

412 4098 630 4160 archidiaconi
656 4097 823 4159 Plocensis
846 4109 959 4160 contra
977 4099 1089 4160 honor.
1113 4111 1145 4162 et
1164 4101 1305 4161 nobilem
1323 4099 1493 4160 Nicolaum
1520 4101 1639 4161 arcium
1660 4099 1838 4159 liberalium
1857 4099 1967 4158 bacca·

413 4205 524 4266 larium
550 4218 583 4265 et
607 4204 784 4265 Iohannem
811 4225 984 4285 germanos
1010 4206 1050 4267 de
1068 4205 1241 4280 Guthowo,
1267 4207 1349 4268 dnus
1370 4207 1647 4268 archidiaconus..
1673 4205 1836 4266 accusavit
1856 4213 1966 4266 contu·

412 4313 548 4372 matiam
572 4331 800 4392 germanorum
826 4314 865 4374 de
890 4309 1055 4374 Guthowo
1080 4325 1112 4374 et
1137 4315 1167 4373 in
1194 4334 1305 4374 eorum
1331 4315 1568 4375 contumaciam
1593 4311 1748 4392 produxit
1773 4321 1895 4372 certum
1920 4331 1966 4371 re-

413 4419 567 4498 scriptum
593 4439 636 4480 ex
659 4419 741 4478 libro
765 4419 910 4480 terrestri
935 4421 1157 4481 remissionem
1183 4440 1279 4482 cause
1304 4421 1354 4481 hic
1379 4421 1419 4480 ad
1445 4421 1670 4480 consistorium
1697 4417 1852 4480 Plocense
1876 4419 1906 4477 in
1931 4436 1967 4478 se

412 4527 589 4592 continens,
616 4535 730 4603 petens
755 4546 812 4605 per
829 4526 995 4587 dominum
1020 4528 1153 4587 admitti.
1179 4527 1222 4588 Et
1240 4528 1390 4588 dominus
1413 4525 1542 4588 admisit
1568 4537 1600 4586 et
1624 4546 1754 4588 causam
1780 4525 1822 4586 ab
1845 4524 1965 4585 eisdem

413 4633 550 4712 punctis,
575 4631 741 4710 inquibus
764 4642 840 4692 ante
865 4635 1088 4694 remissionem
1114 4635 1280 4713 pendebat
1303 4633 1454 4699 indecisa.
1480 4634 1599 4693 resumi
1623 4633 1797 4694 mandavit.
1823 4631 1866 4693 Et
1882 4631 1966 4692 dnus

412 4737 686 4798 archidiaconus..
713 4737 904 4814 reproduxit
921 4740 1021 4800 verbo
1039 4743 1146 4800 omnia
1171 4753 1204 4800 et
1221 4740 1346 4820 singula
1363 4754 1436 4801 acta
1449 4789 1469 4800 ..
1496 4753 1642 4816 petens.
1669 4741 1866 4800 sentenciam
1888 4734 1966 4798 dilli-

412 4847 543 4905 nitivam
577 4845 659 4905 servi.
707 4845 759 4906 Ex
792 4847 930 4907 adverso
963 4845 1046 4906 dnus
1078 4847 1232 4908 Nicolaus
1256 4845 1464 4926 Guthowslry
1490 4845 1687 4907 baccalarius
1711 4865 1769 4906 suo
1794 4857 1827 4906 et
1851 4843 1966 4905 nobilis

411 4953 563 5013 lohannis
588 4951 694 5012 sratris
719 4955 765 5012 sui
784 4955 967 5013 nominibus
992 4952 1151 5033 allegavit,
1177 4954 1265 5032 quod
1292 4973 1387 5014 causa
1412 4955 1529 5014 resumi
1555 4973 1618 5012 non
1645 4953 1750 5014 debet.
1776 4953 1833 5012 scd
1852 4953 1965 5012 iterum

412 5060 451 5118 ad
477 5060 613 5119 iudicem
640 5059 818 5119 secularem
843 5061 971 5132 remitti,
997 5073 1174 5140 propterea
1199 5063 1274 5140 quia
1300 5082 1384 5140 pena
1409 5060 1525 5121 vallata
1550 5059 1793 5130 Cducatorum,
1819 5081 1877 5140 pro
1903 5078 1967 5138 qua

411 5163 448 5226 lis
473 5167 586 5246 agitur,
624 5167 790 5246 dependet
823 5187 865 5229 ex
891 5171 1026 5247 negocio
1053 5167 1227 5247 principali.
1265 5167 1413 5229 videlicet
1445 5170 1647 5248 proprietate
1680 5170 1770 5247 prati,
1802 5167 1859 5228 sed
1892 5167 1967 5245 quia

411 5276 594 5352 proprietas
620 5277 701 5352 prati
727 5286 854 5352 spectat
880 5275 919 5333 ad
945 5274 1081 5335 iudicem
1107 5274 1292 5346 secularem,
1317 5278 1430 5354 inqua
1455 5294 1518 5334 non
1545 5274 1602 5337 luit
1626 5275 1772 5336 remissio
1797 5272 1889 5344 lacta,
1915 5292 1967 5350 pe·

411 5381 483 5441 tivit
508 5401 548 5439 ex
573 5379 688 5441 eadem
714 5399 820 5444 causa.
854 5401 983 5442 causam
1009 5401 1082 5442 cum
1107 5391 1179 5442 toto
1204 5383 1342 5460 negocio
1368 5381 1534 5461 principali
1563 5383 1603 5441 ud
1629 5381 1762 5442 indicem
1788 5381 1965 5442 secularem

411 5489 539 5549 remitti.
567 5488 606 5548 lit
632 5487 815 5548 dominus..
841 5488 957 5548 obtulit
983 5509 1018 5549 se
1043 5489 1309 5550 interlocuturum
1335 5509 1432 5567 super
1457 5490 1630 5567 premissis.

519 5593 560 5653 Et
585 5595 703 5655 ibidem
729 5596 813 5654 idern
842 5595 992 5656 Nicolaus
1018 5594 1226 5675 Guthowslry
1251 5594 1450 5656 baccalarius
1474 5617 1533 5656 suo
1558 5607 1591 5656 et
1615 5595 1765 5656 Iohannis
1790 5593 1894 5654 lratris
1918 5592 1965 5652 sni

411 5701 625 5762 nominibus..
651 5703 821 5781 proposuit
846 5702 957 5774 verbo,
982 5703 1057 5782 quia
1081 5703 1151 5783 ipse
1176 5703 1257 5762 dnus
1282 5701 1525 5763 archidiaconus
1549 5702 1687 5764 atribus
1703 5701 1829 5762 annis..
1854 5699 1965 5760 debuit
