4458 6674
415 701 428 758 '1
437 703 477 772 54
882 691 977 742 ACTA
995 687 1120 742 IUDlCII
1137 691 1275 741 ECCLES.
1295 690 1482 740 PLOCENSIS

414 781 838 790 ——-———-—-—-
1500 781 1857 790 ——-n-——=-·—---——-———
1864 779 1962 788 ..ι-

625 905 667 968 Α.
697 903 815 985 15111),
839 905 869 964 11
894 905 1090 966 consistorio
1113 903 1267 966 Plocensi.

518 1007 606 1077 329.
631 1011 730 1093 (Acta
746 1009 831 1072 olfic.
849 1011 929 1089 illa)
950 1009 1046 1073 Cristi
1065 1011 1193 1072 nomine
1217 1012 1401 1074 invocate..
1423 1011 1582 1090 perhanc
1602 1021 1747 1072 nostram
1766 1012 1965 1072 sentenciam

412 1118 647 1182 diffinitivam..
671 1121 702 1180 11
727 1139 825 1181 causa
848 1138 958 1180 coram
983 1119 1078 1180 nobis
1098 1121 1182 1180 iuter
1202 1117 1328 1180 nobiles
1352 1118 1535 1200 Hedvigim,
1560 1119 1698 1186 Annam.
1724 1119 1964 1198 Margaretham

411 1236 445 1288 et
469 1225 672 1287 Dorotheam
706 1225 784 1288 filias
809 1227 924 1288 nobilis
955 1225 1074 1304 Iozeplt
1100 1223 1214 1304 Cozyk
1246 1225 1286 1286 de
1310 1223 1445 1305 Mlycze,
1478 1247 1520 1286 ex
1544 1246 1616 1296 una,
1649 1237 1683 1287 et
1709 1224 1885 1286 Iohannem
1910 1223 1966 1285 Zu-

412 1333 538 1394 kowski
563 1335 603 1396 de
625 1331 803 1412 Cochanye
827 1333 965 1394 incolam
991 1342 1076 1394 terre
1102 1331 1316 1394 Dobrinensis
1340 1333 1511 1394 occasione
1535 1343 1624 1394 certe
1649 1353 1774 1396 summe
1799 1332 1896 1394 XXX
1921 1351 1967 1393 se·

411 1459 613 1520 >tagenarum
646 1459 684 1500 ac
708 1441 908 1520 periurii,
941 1439 1086 1518 partibus
1110 1460 1149 1500 ex
1173 1439 1283 1506 altera.
1315 1457 1425 1500 coram
1455 1439 1549 1502 nobis
1582 1441 1775 1502 auctoritate
1806 1440 1967 1501 ordinaria

412 1557 569 1616 vertente,
602 1557 698 1627 prout
731 1567 773 1608 ex
797 1548 878 1608 actis
902 1547 1043 1608 actitatis
1076 1557 1109 1608 et
1132 1547 1228 1608 certis
1260 1546 1425 1626 rescriptis
1458 1567 1499 1609 ex
1525 1547 1612 1608 libris
1643 1546 1851 1608 terrestribus
1883 1555 1967 1606 terre

414 1653 627 1716 Dobrinensis
658 1656 857 1732 testiumque
888 1653 1153 1732 deposicionibus
1188 1651 1324 1714 vidimus
1355 1661 1389 1714 et
1412 1655 1658 1732 cognovimus..
1683 1652 1871 1714 diffiniendo
1897 1672 1967 1732 pr0.

413 1761 602 1822 nunciamus
628 1760 768 1821 nobilem
793 1758 968 1820 Iohannem
994 1758 1168 1820 Zukowski
1200 1760 1242 1821 de
1266 1758 1441 1840 Cochanye
1466 1759 1565 1822 XXX
1589 1779 1772 1840 sexagenas
1796 1761 1836 1820 ad
1862 1778 1968 1820 uume-

413 1887 482 1927 rum
507 1867 683 1928 solidorum
708 1887 727 1927 a
752 1867 914 1928 nobilibus
938 1867 1086 1940 Martino,
1121 1867 1232 1928 Marco
1263 1877 1297 1928 et
1321 1866 1419 1929 Petro
1442 1867 1617 1928 heredibus
1649 1869 1680 1928 in
1705 1865 1876 1948 Lesczyno
1909 1885 1967 1946 pro

413 1975 509 2035 certis
533 1975 697 2036 crinilibus
721 1975 852 2035 nomine
877 1977 987 2035 uxoris
1013 1993 1069 2035 sue
1093 1974 1234 2035 Barbare
1262 1973 1303 2036 de
1327 1975 1441 2035 eadem
1467 1972 1658 2052 Leszczyno
1690 1973 1753 2034 filie
1777 1973 1853 2034 olim
1881 1971 1966 2033 Petri

413 2078 562 2142 Golanlca
596 2081 791 2161 111-1111111111
825 2079 957 2142 filiarum
991 2080 1111 2160 Iochh
1144 2091 1317 2142 matertere
1349 2101 1504 2161 germane
1541 2080 1738 2160 recepisse..
1770 2081 1856 2141 etin
1882 2079 1968 2140 bona

413 2189 544 2267 propria
570 2187 752 2268 Kochauye
784 2189 916 2249 easdem
949 2187 1048 2249 XXX
1073 2207 1256 2270 sexagenas
1287 2187 1465 2250 intulisse..
1497 2186 1693 2268 Quiquidem
1728 2186 1887 2248 lohannes
1912 2186 1969 2247 Zu-

413 2293 553 2376 kowsky
578 2295 653 2356 dum
679 2306 754 2374 post
780 2307 916 2356 mortem
950 2295 1093 2355 Barbare
1123 2296 1234 2356 uxoris
1259 2315 1316 2356 sue
1340 2305 1521 2356 memorate
1554 2315 1612 2375 per
1635 2293 1797 2376 Edvigim,
1827 2293 1968 2362 Annam,

413 2401 655 2482 Margaretham
689 2414 720 2463 et
745 2401 949 2463 Dorotheam
974 2401 1223 2482 nominibusque
1247 2421 1356 2462 earum
1386 2413 1541 2482 tanquam
1566 2421 1789 2464 successorum
1814 2399 1969 2483 legitima·

414 2529 483 2568 rum
509 2520 586 2590 post
611 2519 818 2571 materteram
853 2529 1041 2590 germanam
1074 2510 1143 2570 siue
1169 2508 1259 2588 prole
1288 2508 1474 2570 defunctam
1507 2508 1547 2570 ad
1571 2509 1619 2568 ius
1643 2517 1797 2570 terrestre
1829 2509 1969 2568 interra

417 2615 611 2677 Dobrinensi
636 2615 748 2678 fuisset
765 2627 797 2678 et
815 2627 884 2677 erat
901 2617 1018 2678 citatus
1042 2637 1102 2697 pro
1120 2615 1254 2697 prefatis
1271 2615 1369 2678 XXX
1386 2619 1571 2696 sexagenis
1589 2617 1767 2695 peripsum
1790 2613 1967 2676 Iohannem

415 2743 457 2784 ex
483 2722 640 2783 Lesczino
665 2725 814 2802 receptis,
847 2735 944 2804 prout
968 2725 1047 2784 alias
1071 2722 1169 2784 lacius
1200 2726 1231 2782 11
1257 2723 1367 2784 libello
1391 2725 1584 2793 continetur,
1616 2723 1701 2783 idem
1726 2721 1888 2783 Iohannes
1912 2721 1969 2782 Zu-

415 2829 555 2910 kowsky
579 2828 638 2894 Dei
672 2831 788 2890 timore
821 2831 1008 2910 postposito
1044 2829 1154 2892 salutis
1186 2819 1317 2910 proprie
1349 2833 1520 2892 immemor
1551 2839 1584 2892 et
1615 2829 1700 2891 lame
1723 2849 1780 2890 sue
1812 2829 1969 2908 prodigus

415 2937 548 2998 easdem
572 2935 670 2998 XXX
694 2955 907 3016 sexagenas..
933 2939 1017 2998 veris
1041 2949 1074 2998 et
1099 2936 1251 3015 legitimis
1276 2938 1519 2998 successoribus
1551 2937 1650 3016 ipsius
1674 2935 1816 2997 Barbare
1846 2933 1970 2996 filiabus

415 3041 536 3123 lozeph
561 3044 602 3104 de
627 3043 739 3103 Mlicze
764 3045 910 3123 superius
935 3045 1108 3104 nominatis
1130 3044 1161 3102 in
1180 3043 1297 3104 iudicio
1321 3043 1455 3105 seculari
1480 3044 1623 3105 terrestri
1649 3043 1845 3106 Dobrinensi
1868 3042 1970 3104 solen-

417 3145 506 3219 niter,
530 3151 638 3230 inique
659 3158 692 3211 et
712 3151 828 3212 iniuste
852 3150 1009 3212 abiuravit
1033 3152 1062 3209 in
1088 3152 1243 3210 iacturam
1269 3151 1409 3229 ipsarum
1435 3149 1568 3211 siliarum
1594 3163 1627 3210 et
1651 3151 1756 3210 anime
1780 3170 1837 3211 sue
1861 3151 1893 3211 iu
1919 3169 1969 3227 pe·

415 3255 547 3317 riculum
573 3257 797 3336 gravissimum
822 3261 942 3318 crimen
969 3259 1096 3334 periurii
1120 3267 1153 3318 11
1169 3255 1300 3318 infarnie
1324 3257 1549 3318 damnabiliter
1573 3257 1797 3318 incurrendo..
1822 3254 1969 3337 Quapro

417 3373 489 3445 pter
505 3384 566 3425 101
582 3363 724 3444 prefatas
746 3363 846 3426 XXX
862 3383 1053 3444 sexagenas,
1078 3365 1123 3424 sic
1148 3375 1182 3425 ut
1207 3367 1399 3442 premissum
1425 3375 1475 3425 est
1499 3364 1670 3438 abiuratas,
1691 3363 1840 3426 volentes
1864 3364 1971 3444 provi-

416 3471 492 3533 dere
517 3469 610 3532 saluti
635 3472 734 3550 ipsius
759 3471 909 3532 iohannis
933 3470 1121 3548 Zulrowslry
1139 3472 1217 3550 ipsis
1233 3469 1357 3532 filiabus
1374 3469 1526 3550 lozeph..
1551 3471 1770 3532 adiudicamus
1795 3469 1968 3550 prelatum-

363 3563 367 3570 ’
417 3597 481 3658 que
505 3577 682 3639 Iohannem
708 3577 897 3658 Zulrowsky
929 3578 969 3639 de
994 3577 1177 3658 Kochauye
1209 3579 1250 3639 ad
1275 3579 1550 3640 restitucionem..
1575 3576 1675 3640 XXX
1698 3597 1970 3658 sexagenarum..

417 3683 675 3764 compellimus..

631 3878 673 3940 A.
703 3892 794 3957 1511,
818 3879 961 3960 Augusti
986 3893 1036 3960 27,
1060 3879 1092 3940 in
1116 3879 1310 3942 consistorio
1334 3877 1543 3942 Poltoviensi.

525 3998 614 4066 330.
639 4001 738 4080 (Acta
761 4001 843 4064 olfic.
868 4001 963 4084 Vlll).
988 4004 1021 4064 In
1046 4023 1144 4065 causa
1167 4005 1280 4066 honor.
1305 4004 1360 4065 dni
1385 4003 1474 4065 Luce
1499 4005 1628 4085 plebani
1652 4005 1683 4064 11
1710 4003 1969 4086 Nowemyastho

417 4121 531 4170 contra
556 4109 650 4172 lurek
675 4119 871 4172 moratorem
903 4111 943 4171 de
968 4110 1133 4193 Makowo,
1165 4111 1324 4173 Martinus
1348 4109 1475 4172 Zaleski
1507 4123 1699 4192 procurator
1729 4111 1784 4173 dni
1809 4111 1970 4192 plebani..

418 4219 590 4298 proposuit
613 4229 727 4279 contra
751 4217 889 4280 eundem
916 4213 1127 4302 [Georgium],
1153 4219 1241 4297 quod
1265 4219 1335 4297 ipse
1352 4217 1439 4280 facto
1463 4229 1633 4280 contractu
1657 4237 1730 4280 cum
1748 4219 1813 4280 dno
1830 4216 1971 4300 plebano

418 4324 458 4385 ad
476 4324 653 4404 tegendum
679 4326 746 4386 sive
764 4325 1001 4386 reformandum
1027 4337 1148 4388 tectum
1175 4346 1270 4406 supra
1288 4325 1458 4386 ecclesiam
1482 4326 1515 4386 11
1532 4323 1793 4406 Nowemyastho
1817 4325 1971 4388 lateribus

419 4429 495 4492 alias
520 4430 706 4502 daclrowka,
742 4453 801 4512 per
826 4433 949 4494 litteras
981 4453 1055 4494 suas
1087 4431 1274 4493 certificavit
1306 4433 1445 4494 eundem
1477 4433 1665 4512 plebanum,
1700 4443 1735 4494 ut
1764 4441 1972 4514 aprocuraret

419 4557 533 4598 omncs
556 4559 620 4610 res,
653 4559 716 4618 que
740 4541 903 4620 pertinent
935 4541 976 4602 ad
1001 4539 1153 4610 laborem,
1186 4539 1415 4612 muratoribus,
1449 4539 1503 4618 qui
1531 4541 1737 4620 aprocuravit
1767 4548 1834 4602 tres
1866 4537 1969 4601 scalas

419 4645 542 4725 longas,
566 4644 682 4707 cordas
705 4647 825 4726 viginti,
850 4645 935 4723 ligna
960 4645 1065 4726 longa,
1086 4647 1164 4708 alias
1184 4646 1295 4727 dragy,
1317 4657 1510 4718 cementum,
1534 4647 1660 4715 lateres,
1680 4682 1723 4691 -
1743 4657 1775 4708 et
1795 4646 1906 4708 debuit
1929 4648 1971 4706 iu·

419 4752 538 4814 1110111
570 4763 604 4814 11
628 4755 815 4814 1011111111
840 4752 983 4814 laborem
1009 4775 1026 4813 a
1052 4752 1138 4815 festo
1162 4752 1384 4815 Exaltacionis
1417 4773 1440 4814 s.
1465 4749 1577 4814 Crucis
1601 4753 1641 4814 de
1666 4773 1714 4814 au.
1740 4751 1804 4813 Dni
1832 4766 1916 4832 1504
1938 4761 1973 4814 et

420 4861 587 4940 usquead
613 4879 747 4940 presens
778 4880 842 4922 non
867 4862 955 4921 11111
979 4862 1020 4922 ad
1045 4859 1256 4922 laborandum
1289 4862 1357 4923 sive
1381 4861 1557 4942 tegendum
1583 4860 1752 4925 ecclesiam
1781 4871 1814 4922 et
1838 4871 1974 4941 propter

419 4965 482 5027 hoc
506 4967 664 5046 plebanus
688 4977 883 5030 consecutus
900 4979 949 5030 est
974 4968 1124 5028 damnum
1150 4969 1179 5028 in
1198 4977 1324 5030 tectura
1349 4979 1382 5030 et
1399 4969 1596 5038 necessariis
1622 4987 1702 5046 quas
1720 4968 1804 5028 idem
1829 4975 1973 5028 murator

421 5074 631 5136 maudaverat
655 5095 858 5156 aprocurare,
883 5084 918 5136 ut
934 5074 966 5136 X
983 5095 1149 5155 sexagene
1167 5095 1213 5155 gr.
1238 5075 1269 5136 in
1286 5074 1401 5136 mediis
1417 5095 1472 5155 gr,
1498 5085 1613 5153 petens
1637 5075 1776 5136 eundem
1801 5077 1831 5135 in
1849 5073 1972 5136 eisdem

420 5180 627 5241 condemnari
661 5193 694 5242 et
724 5183 755 5242 11
780 5183 908 5262 peiores
939 5201 1121 5263 processus,
1153 5183 1327 5243 sentenciis
1360 5183 1708 5244 excommunicacionis
1739 5180 1793 5242 dni
1818 5179 1974 5243 Officialis

420 5285 586 5348 Plocensis
611 5298 724 5348 contra
744 5290 881 5350 eundem
907 5289 987 5362 latis,
1012 5289 1162 5350 incidisse
1187 5287 1351 5350 declarari.
1377 5289 1429 5349 Ex
1445 5289 1583 5350 adverso
1607 5297 1750 5350 murator
1775 5289 1889 5368 petivit
1912 5295 1973 5348 ter·

421 5395 540 5453 minum
565 5393 824 5456 deliberatorium
849 5406 882 5458 11
906 5396 1045 5458 obtinuit
1069 5397 1110 5457 ad
1135 5395 1339 5475 quindenam.

529 5619 549 5690 ¹)
568 5626 635 5689 Dsty
648 5625 706 5674 duis
725 5625 796 5674 brnlr.
811 5625 997 5689 Bezposreduio
1016 5627 1215 5690 poprzedzajgcy
1230 5626 1314 5690 wyrok
1326 5627 1375 5690 jest
1388 5637 1427 5687 27
1445 5627 1510 5690 lipca
1525 5643 1539 5674 1
1553 5637 1702 5690 nastepuyz
1719 5636 1749 5690 15
1765 5625 1882 5673 1111111111
1899 5634 1974 5688 1511.
