4458 6674
869 645 963 696 ACTA
982 644 1106 697 IUDICII
1123 647 1259 698 ECCLES.
1279 646 1469 698 PLOCENSIS

401 747 416 754 .—
434 747 446 754 ,
489 737 1949 752 Ι-.,-.----σ---·--ι---------------------------..----.----.,-----ι-...-------.--ιι

400 887 473 930 racz
497 875 530 928 et
553 862 702 934 Malewo,
726 862 757 922 in
783 859 899 942 quibus
922 859 1045 922 habent
1069 859 1180 942 predia
1205 859 1399 922 sufficiencia
1424 881 1483 942 pro
1508 863 1702 924 necessitate
1726 882 1846 924 eorum.
1871 861 1953 924 Item

401 977 628 1054 interrogatus,
660 971 691 1029 in
716 967 790 1030 villa
813 966 1014 1048 Dzwyrszno
1045 967 1072 1027 si
1095 966 1215 1046 aliquid
1244 967 1272 1028 ei
1298 977 1464 1030 constaret
1496 968 1536 1030 de
1561 967 1687 1030 decima
1719 970 1772 1030 dni
1798 969 1954 1050 Episcopi

401 1089 434 1143 et
458 1079 598 1160 plebani,
622 1075 802 1155 respondit,
835 1073 922 1156 quod
948 1084 1022 1136 sunt
1046 1073 1093 1135 lV
1117 1071 1313 1136 kmethones
1345 1075 1375 1134 in
1402 1073 1448 1135 IV
1473 1077 1592 1136 mansis
1624 1097 1666 1136 ex
1690 1077 1825 1157 antiquo
1857 1089 1889 1138 et
1913 1077 1955 1139 ab

400 1186 625 1266 extirpacione
649 1183 722 1244 ville
746 1180 852 1255 locati,
884 1191 962 1266 post
986 1201 1122 1262 quorum
1155 1182 1314 1243 culturam
1343 1183 1437 1244 testis
1461 1182 1621 1261 deposuit,
1653 1183 1780 1262 decima
1804 1205 1865 1266 pro
1888 1182 1955 1246 dno

401 1289 569 1374 Episcopo
592 1289 723 1353 tollitur.
749 1288 887 1352 Addidit
911 1300 1028 1358 tamen,
1062 1290 1149 1370 quod
1173 1299 1249 1352 suut
1279 1290 1310 1348 in
1336 1289 1449 1351 eadem
1475 1287 1548 1350 villa
1572 1287 1756 1372 Dzwyrsno
1781 1290 1827 1354 IV
1852 1292 1953 1354 mansi

401 1416 480 1482 pure
504 1398 674 1482 predIales,
706 1397 789 1459 duos
812 1397 906 1460 testis
930 1403 1022 1458 tenet
1046 1415 1118 1458 cum
1143 1395 1242 1458 fratre
1273 1407 1306 1458 et
1330 1417 1390 1478 per
1413 1417 1448 1458 se
1472 1397 1577 1477 ipsum
1603 1397 1686 1472 colit,
1720 1409 1753 1461 et
1778 1400 1861 1460 duos
1885 1418 1955 1479 pre·

402 1507 486 1570 satus
511 1505 669 1588 plebanus
693 1523 765 1566 cum
782 1504 850 1565 aliis
875 1503 968 1566 bonis
992 1505 1021 1563 in
1040 1502 1183 1581 Mislyno
1208 1501 1359 1564 fratribus
1385 1503 1584 1582 patruelibus
1608 1505 1757 1584 superius
1782 1505 1955 1566 nominatis

401 1613 558 1696 vendidit,
590 1613 644 1693 qui
668 1611 740 1673 illos
764 1611 848 1673 duos
871 1629 1003 1672 mansos
1027 1609 1068 1672 de
1093 1611 1206 1690 predio
1231 1609 1418 1672 locaverunt
1442 1610 1682 1672 kmethonibus.
1722 1610 1955 1692 Interrogatus,

401 1731 517 1802 aquot
541 1721 632 1782 annis
657 1719 708 1780 isti
732 1719 798 1780 duo
814 1716 1018 1792 kmethones,
1043 1715 1195 1780 videlicet
1219 1715 1400 1778 Stanisiaus
1424 1716 1537 1797 Lysek
1563 1728 1595 1779 et
1612 1717 1774 1780 lohannes
1791 1717 1955 1800 Dlukony,

403 1831 500 1892 locati
524 1829 653 1890 suntin
679 1827 832 1908 predictis
856 1829 943 1906 agris
968 1825 1173 1906 predialibus,
1199 1825 1375 1902 respondit,
1411 1825 1506 1904 quod,
1536 1835 1571 1888 ut
1595 1825 1706 1900 credit,
1730 1847 1749 1887 a
1773 1825 1805 1888 X
1827 1828 1954 1888 annis..

509 1933 653 1996 Nonus
683 1933 778 1996 testis
812 1931 991 1994 laboriosus
1022 1930 1177 1993 Nicolaus
1208 1931 1431 2012 Nyewswoth,
1468 1930 1604 1994 kmetho
1635 1931 1675 1993 de
1706 1931 1955 2016 Camyszyno..

402 2047 622 2124 interrogatus
653 2041 694 2102 de
723 2042 809 2122 agris
834 2039 1104 2112 kmethonalibuS,
1137 2047 1218 2120 quot
1250 2039 1440 2102 sintmausi
1465 2038 1595 2102 invilla
1627 2037 1848 2121 Carnyszyno,
1882 2050 1957 2122 post

403 2169 486 2232 quos
509 2149 592 2210 dnus
616 2147 801 2230 Episcopus
824 2146 908 2208 tollit
932 2146 1100 2218 decimam,
1125 2147 1303 2226 respondit,
1329 2145 1416 2226 quod
1440 2157 1514 2208 sunt
1539 2146 1605 2208 XV
1629 2149 1732 2209 mansi
1756 2167 1798 2210 ex
1821 2149 1955 2228 antiquo

402 2277 475 2319 cum
499 2256 607 2318 medio
640 2267 672 2318 et
695 2263 771 2316 ante
803 2252 887 2314 bella
919 2251 1129 2314 Prutenicalia
1161 2252 1393 2316 kmethonIbus
1426 2252 1531 2316 locati.
1579 2253 1808 2336 Interrogatus,
1841 2257 1866 2316 si
1892 2255 1956 2316 sint

403 2364 518 2446 plures
544 2363 721 2444 respondit,
747 2361 834 2442 quod
859 2379 933 2422 non.
972 2359 1195 2441 Interrogatus
1226 2360 1267 2422 de
1292 2361 1377 2442 agris
1404 2361 1609 2440 predialibus,
1641 2373 1721 2442 quot
1746 2372 1820 2424 sunt
1844 2363 1956 2438 mansi,

403 2469 579 2552 respondit,
605 2469 692 2550 quod
716 2469 841 2530 medius
866 2467 1005 2548 quintus,
1030 2468 1204 2547 dequibus
1229 2469 1312 2530 dnus
1335 2467 1431 2530 heres
1455 2487 1513 2548 per
1530 2487 1565 2529 se
1590 2478 1656 2530 tres
1672 2467 1749 2530 colit
1765 2478 1799 2532 et
1814 2470 1956 2532 medium

403 2577 539 2641 alterum
564 2578 650 2640 locat
673 2575 915 2648 kmethonibus,
947 2575 1098 2636 videlicet
1121 2573 1291 2656 Stephano
1320 2574 1502 2657 Konyeczk
1533 2577 1564 2636 in
1589 2595 1705 2638 manso
1737 2589 1771 2638 et
1794 2577 1839 2638 M.
1864 2575 1957 2640 fabro

404 2687 435 2747 ln
459 2685 575 2748 medio
614 2684 836 2764 Interrogatus
868 2684 908 2746 de
933 2683 1078 2756 sciencia,
1112 2677 1313 2766 [responditl.
1347 2684 1434 2762 quod
1466 2681 1636 2745 aXXVIl
1668 2687 1760 2745 annis
1793 2698 1868 2746 tunc
1898 2684 1957 2746 luit

405 2812 547 2874 presens,
580 2791 711 2872 quando
742 2788 825 2852 dnus
849 2787 1007 2852 Cristinus
1031 2787 1192 2869 Carnyslri
1223 2789 1416 2852 castellanus
1451 2789 1620 2852 Rawensis
1651 2790 1870 2860 kmethonem‚
1903 2793 1958 2872 qui

404 2903 493 2964 venit
523 2899 564 2960 ad
588 2918 662 2961 eum
686 2897 727 2958 de
751 2895 927 2970 Chamsko,
960 2879 1074 2958 volens
1102 2915 1297 2958 conservare
1329 2898 1443 2976 ipsum,
1475 2901 1694 2961 emensuravit
1724 2900 1785 2961 sibi
1808 2901 1849 2960 de
1872 2901 1957 2980 agris

404 3028 484 3092 pure
508 3006 705 3088 predialibus
731 3005 742 3063 l
767 3023 925 3074 mansum,
958 3015 991 3066 et
1015 3003 1147 3065 tandem
1173 3005 1203 3064 in
1229 3003 1338 3066 medio
1370 3024 1484 3066 manso
1516 3004 1651 3086 prediali
1683 3008 1808 3087 precise
1840 3007 1957 3070 eodem

406 3135 492 3178 anno
516 3111 641 3174 labrum
667 3113 800 3189 locavit;
825 3123 857 3174 et
873 3112 966 3174 testis
990 3112 1151 3192 deposuit,
1177 3111 1265 3190 quod
1282 3113 1387 3193 ipsum
1406 3113 1554 3174 dominus
1571 3113 1716 3194 prelatus
1732 3113 1773 3174 de
1791 3113 1957 3176 locacione

405 3223 565 3284 dictorum
589 3219 801 3282 kmethonum
827 3221 858 3281 in
876 3219 1030 3301 predictis
1053 3220 1140 3299 agris
1156 3217 1354 3299 predialibus
1378 3220 1525 3290 consulit,
1550 3221 1675 3284 dicens:
1700 3219 1794 3282 Licet
1811 3221 1873 3282 iam
1892 3241 1956 3282 non

404 3329 512 3392 habeo
543 3347 641 3410 agros
665 3325 902 3402 kmethonales,
937 3328 969 3388 in
994 3326 1109 3406 qulbus
1141 3325 1273 3388 eosdem
1306 3324 1414 3388 locare
1446 3326 1591 3400 debeam,
1619 3337 1736 3399 ¹tamen
1768 3330 1844 3398 sci0,
1880 3327 1956 3409 quid

406 3436 530 3510 faciam,
554 3435 659 3498 habeo
683 3435 776 3515 plura
800 3434 861 3496 alia
885 3434 997 3514 predia
1021 3453 1081 3515 pro
1106 3434 1229 3494 cultura
1253 3453 1335 3506 mea,
1359 3433 1565 3496 condividam
1589 3435 1636 3496 eis
1660 3435 1700 3496 de
1724 3437 1810 3514 angs
1835 3437 1959 3517 predia-

406 3545 502 3608 libus:
526 3545 580 3606 uni
603 3561 751 3604 mansum
776 3551 810 3603 et
834 3540 926 3603 alteri
951 3540 1102 3602 medium.
1143 3540 1365 3620 Interrogatus
1388 3539 1430 3602 de
1453 3541 1521 3602 aliis
1545 3541 1679 3603 decimis
1703 3543 1734 3602 in
1759 3541 1959 3622 Champslm,

407 3652 551 3734 Mislyno
575 3661 608 3714 et
632 3645 805 3730 Dampsko
828 3659 863 3712 et
887 3646 1028 3723 Olsew0,
1052 3647 1147 3710 testis
1171 3644 1266 3709 nichil
1291 3647 1394 3710 scivit.

620 3841 663 3906 A.
692 3856 784 3924 1502,
807 3841 883 3904 Maii
907 3841 936 3918 6,
961 3844 992 3902 in
1017 3839 1207 3903 Mankolino
1232 3842 1262 3901 in
1288 3841 1375 3902 curia
1398 3841 1586 3924 episcopali.

515 3963 606 4034 213.
638 3967 738 4047 (Acta
761 3967 857 4051 episc.
883 3967 988 4042 Vlll..
1020 3967 1141 4028 Rmo..
1173 3965 1238 4028 dno
1262 3965 1442 4028 Vincencio
1474 3965 1512 4028 D.
1536 3989 1566 4048 g.
1591 3968 1749 4048 episcopo
1777 3967 1958 4035 Plocensi..

408 4097 556 4138 causas„
579 4076 741 4137 iudicante
765 4093 992 4155 comparens..
1017 4072 1133 4134 nobilis
1158 4071 1342 4134 Bernardus
1366 4073 1407 4134 de
1431 4072 1568 4154 Byelino
1593 4077 1694 4136 citato
1717 4075 1832 4138 honor.
1857 4075 1960 4140 Stani-

408 4184 478 4245 slao
502 4183 643 4264 plebano
667 4184 699 4243 in
715 4180 913 4244 Sochowo„
938 4181 1118 4262 proposuit,
1143 4180 1218 4259 quia
1241 4182 1311 4260 ipse
1328 4177 1508 4242 Stanisiaus
1532 4180 1690 4260 plebanus
1715 4183 1745 4242 ln
1762 4179 1960 4246 Sochowo„

408 4309 495 4351 anno
519 4309 622 4370 nuper
638 4291 777 4351 currenti
802 4287 941 4350 sabbato
965 4308 1055 4350 sacre
1072 4287 1215 4350 solennis
1240 4287 1340 4350 Pasce
1364 4288 1448 4349 circa
1472 4287 1823 4352 benedictionem
1847 4291 1961 4370 ignis

409 4400 448 4459 in
483 4397 699 4459 cimiterio
731 4394 867 4456 ecclesie
899 4395 930 4456 in
954 4394 1118 4457 Zochowo
1150 4394 1191 4455 ad
1223 4391 1372 4473 pollicem
1404 4395 1520 4456 dextre
1553 4415 1667 4456 manus
1698 4396 1738 4456 ad
1771 4395 1960 4458 effusionem

409 4505 575 4586 sanguinis
606 4503 784 4566 notabilem
809 4502 893 4566 Iuste
925 4523 982 4566 seu
1006 4502 1118 4566 corulo
1151 4501 1309 4581 percussit
1340 4511 1373 4564 et
1399 4500 1587 4572 vulneravit,
1619 4503 1784 4564 extimans
1816 4503 1960 4565 iniuriam

409 4613 450 4673 ad
475 4610 502 4674 C
527 4611 594 4674 flor.
619 4609 762 4691 Hungar.
787 4619 847 4672 etc.
873 4621 1021 4691 petens..
1046 4609 1087 4670 ad
1112 4609 1348 4670 solucionem..
1372 4607 1556 4688 compelli..
1590 4608 1670 4670 Item
1695 4630 1739 4670 ex
1761 4608 1824 4672 alio
1848 4622 1962 4674 contra

409 4717 548 4781 eundem
582 4717 755 4798 plebanum
786 4719 967 4798 proposuit,
999 4717 1073 4797 quia
1098 4718 1167 4798 ipse
1191 4715 1384 4798 plebanus..
1417 4717 1533 4778 eodem
1564 4727 1713 4796 tempore
1746 4713 1864 4800 [ipsum
1889 4717 1963 4779 Ber·

409 4824 556 4909 nardum]
581 4825 710 4906 publice
726 4825 902 4898 infamavit,
927 4845 1076 4886 asserens
1094 4825 1198 4904 ipsum
1217 4825 1335 4886 malum
1353 4823 1551 4887 hominem..
1575 4823 1626 4886 Ex
1643 4825 1783 4886 adverso
1803 4823 1961 4905 plebanus

410 4935 539 4996 nomine
563 4953 622 4994 suo
646 4935 889 5014 percussionem
921 4943 954 4995 et
978 4930 1141 4992 infamiam
1173 4932 1313 5012 negavit,
1346 4933 1499 5012 allegavit
1524 4942 1642 5006 tamen,
1674 4932 1763 5013 quod
1786 4952 1828 4992 eo
1851 4951 1962 4994 conse·

410 5053 521 5104 crante
545 5051 579 5102 et
603 5041 816 5102 benedicente
840 5042 948 5122 ignem
973 5039 1112 5102 sabbato
1130 5059 1251 5120 magno
1268 5040 1410 5102 solennis
1426 5039 1536 5112 Pasce,
1561 5040 1703 5100 nondum
1728 5049 1862 5118 peracta
1879 5039 1963 5118 Ignis

410 5150 651 5223 benediccione,
676 5147 862 5229 parochiani
886 5167 959 5210 cum
984 5148 1121 5209 tumultu
1146 5149 1253 5230 ignem
1272 5149 1415 5228 recipere
1439 5147 1639 5224 nitebantur;
1662 5145 1804 5227 plebano
1829 5155 1963 5225 petente

410 5257 552 5329 eosdem,
577 5277 618 5318 ne
635 5256 774 5318 eundem
799 5255 1003 5338 impedIrent,
1027 5254 1132 5317 donec
1156 5253 1259 5316 finiret
1284 5255 1551 5316 benediccionem
1577 5253 1713 5335 predicti
1729 5253 1823 5336 ignIs,
1848 5251 1964 5332 quibus

411 5363 595 5426 nolentibus
626 5363 695 5442 ipse
720 5373 854 5443 recepto
878 5361 991 5424 corulo
1023 5363 1186 5442 inignem
1217 5361 1432 5440 percuciebat,
1464 5372 1499 5422 ut
1524 5361 1726 5422 discederent
1758 5371 1792 5422 et
1816 5357 1965 5422 benedic·

409 5475 536 5534 cionem
560 5472 644 5552 ignis
667 5491 733 5532 non
758 5470 960 5552 Impedirent,
985 5479 1018 5530 et
1041 5469 1087 5530 ita
1110 5469 1297 5548 recipiendo
1321 5470 1505 5548 impetuose
1530 5469 1639 5548 ignem
1664 5488 1699 5530 se
1724 5467 1804 5528 lesit.
1834 5465 1965 5528 Presen·

410 5580 498 5644 tibus
530 5578 648 5641 ibidem
681 5599 788 5641 vener.
815 5587 907 5657 patre
939 5577 1004 5638 dno
1036 5573 1196 5638 Michaele
1229 5557 1387 5658 episcopo
1420 5575 1667 5654 lilargarithensi
1699 5583 1732 5636 et
1755 5573 1963 5654 suffraganeo

413 5685 558 5750 Plocensi
583 5697 654 5760 etc,
680 5687 817 5748 Nicolao
842 5686 883 5748 de
908 5685 1051 5768 Brolyno
1076 5684 1246 5745 licenciato
1271 5684 1301 5743 in
1326 5684 1500 5746 decretis..
