4458 6674
945 677 1034 730 ANNI
1056 664 1132 732 1502.
1774 681 1817 758 89

260 905 410 978 tempore
435 897 582 958 existens
607 892 743 956 tollebat
767 892 935 966 decimam,
970 891 1025 954 ubi
1049 913 1126 954 vero
1152 892 1289 954 arabant
1313 893 1443 968 domini,
1479 893 1645 973 plebanus.
1678 894 1816 956 interro·

261 1015 364 1086 gatus,
391 1013 471 1084 quot
486 1003 518 1064 ln
536 1001 650 1064 eadem
669 999 832 1063 Ossowka
848 1002 913 1062 sint
930 1001 1041 1072 mansi
1066 999 1242 1081 respondit,
1269 1003 1357 1082 quod
1374 999 1502 1062 fuerunt
1520 998 1617 1076 XLit,
1643 999 1699 1062 sed
1717 999 1816 1064 modo

262 1122 336 1174 sunt
360 1111 514 1191 extIrpati
547 1119 683 1190 propter
714 1107 930 1169 crescenciam
962 1109 993 1168 in
1019 1108 1139 1169 eisdem
1174 1107 1336 1181 roborum,
1372 1109 1417 1169 ita
1442 1108 1531 1190 quod
1562 1109 1618 1170 vix
1642 1119 1717 1172 sunt
1741 1120 1817 1171 octo

262 1219 365 1280 mansi
390 1218 431 1279 ad
456 1217 627 1278 colendum
652 1217 728 1296 apti.
755 1214 835 1277 Item
860 1216 1080 1296 Interrogatus
1104 1215 1144 1275 de
1168 1213 1369 1295 Vyedrowo‚
1394 1215 1419 1276 si
1444 1213 1618 1295 aliquando
1642 1213 1816 1278 fuerintibi

263 1326 331 1407 agri
355 1321 590 1394 kmethonales
615 1325 708 1384 testis
729 1322 905 1402 respondit,
932 1319 1019 1402 quod
1044 1331 1120 1383 ante
1137 1321 1222 1382 belia
1240 1318 1450 1382 Protenicaiia
1468 1322 1596 1384 suerunt
1612 1321 1817 1404 kmethones‚

264 1435 339 1513 pos't
364 1449 503 1512 quorum
535 1429 693 1492 culturam
718 1429 844 1491 decima
875 1448 936 1509 pro
960 1431 1118 1509 episcopo
1150 1427 1335 1500 tollebatur,
1367 1430 1425 1490 sed
1450 1429 1549 1490 modo
1581 1430 1707 1491 nobiles
1731 1431 1817 1492 dicta

263 1539 351 1600 bona
374 1548 521 1601 emerunt
546 1549 578 1599 et
602 1557 661 1616 per
684 1555 720 1598 se
745 1537 836 1617 ipsos
860 1535 979 1613 colunt,
1011 1547 1088 1616 post
1113 1555 1248 1615 quorum
1274 1533 1414 1598 culturas
1446 1536 1605 1616 plebanus
1629 1535 1712 1599 toIIIt
1736 1537 1817 1598 deci·

263 1665 358 1708 mam.
392 1644 623 1726 Interrogatus,
648 1663 713 1724 quo
736 1643 812 1712 iure,
837 1643 1016 1722 respondit.
1042 1641 1128 1722 quod
1152 1643 1244 1704 iuxta
1268 1645 1434 1723 antiquam
1459 1645 1735 1706 consuetudinem.
1768 1641 1818 1705 ln·

264 1761 461 1833 terrogatus,
493 1771 512 1812 a
537 1761 617 1832 quot
641 1751 745 1825 anniS,
777 1751 960 1830 respondit,
994 1748 1081 1830 quod
1106 1751 1188 1810 sicut
1213 1767 1377 1811 memoror
1405 1759 1598 1832 atempore
1622 1753 1818 1814 cessacionis

264 1859 424 1923 bellorum
456 1855 724 1920 Pruthenicalium
757 1857 915 1938 plebanus
939 1855 1023 1920 tollit
1047 1857 1216 1931 decimam,
1249 1858 1332 1918 sicut
1355 1855 1480 1919 nobiles
1512 1866 1670 1939 ceperunt
1701 1879 1758 1938 per
1782 1878 1818 1920 se

265 1965 371 2028 colere
395 1965 542 2048 prelatos
566 1983 671 2045 agros¹
697 1963 778 2026 Item
803 1965 1022 2044 interrogatus
1039 1965 1080 2026 de
1097 1963 1334 2046 Banczemyno,
1359 1967 1384 2026 si
1409 1965 1584 2045 ailquando
1609 1964 1726 2028 fuerint
1750 1967 1818 2048 agri

264 2073 362 2155 aliqui
386 2073 556 2156 prediaies,
587 2071 766 2151 respondit,
798 2063 886 2154 quod
912 2075 966 2146 sic,
999 2091 1129 2133 causam
1162 2073 1299 2134 sciencie
1331 2071 1479 2145 reddens,
1515 2073 1602 2153 quod
1634 2084 1710 2136 ante
1735 2063 1817 2136 bella

265 2181 502 2243 Pruthenicaiia
533 2178 699 2242 residebat
731 2179 860 2259 quidam
894 2179 1010 2240 nobilis
1034 2180 1164 2240 nomine
1189 2177 1313 2252 Paulus,
1346 2191 1454 2241 certos
1479 2201 1577 2261 agros
1600 2181 1725 2243 habens
1750 2203 1818 2262 pre-

265 2287 377 2364 diales,
402 2307 499 2368 quem
523 2287 618 2350 testis
642 2287 725 2348 bene
749 2289 848 2359 novit,
882 2295 957 2367 post
982 2289 1072 2348 cuius
1097 2285 1254 2348 culturam
1280 2286 1320 2348 ad
1345 2287 1520 2368 plebanum
1545 2289 1705 2350 decimam
1730 2309 1819 2370 spec·

265 2405 334 2458 tare
359 2406 392 2458 et
416 2397 577 2478 pertiaere
602 2393 795 2456 testificatus
819 2403 879 2454 est.
915 2391 1146 2472 Interrogatus
1179 2395 1204 2454 si
1229 2392 1324 2474 aliqui
1350 2395 1413 2456 sint
1436 2395 1555 2455 ibidem
1580 2397 1650 2476 agri
1672 2395 1819 2458 kmetho-

265 2503 364 2574 nales,
387 2501 565 2582 respondit,
590 2501 679 2582 quod
703 2503 758 2578 sic,
783 2514 949 2562 numerum
967 2511 1078 2562 tamen
1095 2519 1281 2562 mansorum
1298 2499 1553 2563 kmethonalium
1571 2505 1664 2564 testis
1680 2504 1817 2586 ignorat.

265 2610 343 2674 Item
366 2611 585 2691 interrogatus
603 2609 643 2669 de
659 2607 850 2690 Brudnycza
867 2607 1045 2688 respondit,
1069 2605 1156 2687 quod
1181 2607 1263 2670 sicut
1288 2624 1458 2680 memoror,
1484 2607 1611 2672 luerunt
1628 2609 1671 2672 ibi
1695 2617 1728 2673 et
1744 2611 1819 2672 sun't

265 2719 366 2779 modo
391 2717 456 2779 duo
481 2717 593 2798 predia
618 2735 659 2778 ex
684 2717 818 2798 antiquo
842 2725 875 2776 et
899 2717 940 2778 de
964 2735 1049 2777 nova
1074 2715 1182 2776 radice
1206 2717 1370 2796 extirpata
1394 2727 1427 2779 et
1451 2719 1591 2779 exculta:
1627 2738 1723 2780 unum
1750 2739 1819 2799 pre·

266 2825 351 2886 dium
377 2825 524 2904 possidet
549 2821 645 2885 hodie
670 2821 787 2884 nobilis
811 2821 952 2883 Mathias
977 2821 1182 2902 Brudnyczki
1207 2833 1240 2884 et
1264 2843 1322 2905 per
1338 2843 1373 2886 se
1398 2824 1482 2902 colit,
1507 2832 1583 2905 post
1608 2827 1697 2887 cuius
1720 2827 1819 2888 cultu-

266 2951 341 3000 ram,
367 2931 526 2994 decimam
553 2930 713 3011 plebanus
737 2929 834 3006 tollit;
858 2929 943 2990 aliud
968 2928 1113 3008 predium
1139 2937 1190 2991 est
1213 2931 1269 2991 dni
1292 2927 1425 2992 Sandek
1449 2927 1730 2994 Coszmaczowski
1754 2935 1819 3013 pin·

267 3059 363 3101 cerne
397 3038 567 3107 Plocensis.
604 3036 693 3118 quod
725 3057 784 3117 per
807 3057 842 3098 se
874 3055 939 3097 non
963 3035 1048 3108 colit,
1085 3035 1143 3097 sed
1175 3035 1407 3098 kmethonibus
1441 3037 1528 3100 locat
1564 3049 1597 3100 et
1628 3041 1690 3100 iam
1723 3041 1819 3102 certis

267 3145 395 3214 locavit,
428 3157 505 3226 post
537 3165 673 3226 quorum
706 3144 855 3210 culturas,
887 3144 981 3205 testis
1005 3141 1169 3224 deposuit,
1203 3143 1291 3224 quod
1323 3145 1447 3204 decima
1478 3165 1539 3226 pro
1562 3148 1628 3208 dno
1653 3145 1819 3228 Episcopo

266 3252 396 3316 tollitur.
433 3251 665 3333 Interrogatus,
690 3253 715 3312 si
740 3251 782 3312 ibi
806 3261 881 3312 sunt
904 3251 954 3311 alii
980 3252 1082 3311 mansi
1107 3249 1344 3325 kmethonales,
1376 3254 1554 3333 respondit,
1580 3253 1667 3332 quod
1692 3253 1819 3316 luerunt

268 3371 301 3423 et
324 3371 399 3422 sunt
424 3359 479 3431 IV,
503 3369 539 3423 ut
563 3361 655 3423 testis
679 3359 789 3428 credit,
815 3359 917 3420 mansi
942 3357 1133 3438 abantiquo
1156 3355 1392 3426 kmethonales.
1417 3367 1493 3440 post
1510 3379 1593 3439 quos
1617 3361 1742 3423 decIma
1759 3382 1820 3441 pro

268 3469 333 3529 dno
358 3467 524 3550 Episcopo
548 3465 725 3529 tollebatur
748 3477 781 3528 et
804 3465 933 3538 tollitur,
958 3465 1018 3526 alia
1043 3466 1153 3527 nescit.

481 3659 523 3722 A.
554 3673 643 3740 1502,
669 3658 792 3740 Aprilis
818 3675 867 3738 30,
892 3661 924 3720 in
950 3656 1141 3740 Cbampsko
1164 3659 1195 3719 in
1220 3661 1305 3720 curia
1330 3659 1517 3740 episcopali.

376 3781 466 3850 212.
491 3785 588 3868 (Acta
613 3785 710 3865 episc.
736 3784 795 3862 la).
832 3781 989 3846 Testes
1013 3804 1111 3864 super
1134 3781 1267 3846 decimis
1292 3784 1322 3844 in
1347 3783 1539 3866 Champsko
1562 3785 1758 3867 infrascripti
1783 3789 1822 3848 ci-

271 3893 330 3956 tati
355 3903 389 3955 et
413 3895 522 3954 medio
546 3894 728 3954 iuramento
752 3891 929 3954 examinati
954 3901 987 3952 et
1010 3893 1127 3970 primo:

376 3999 559 4062 TercIus
594 4002 688 4061 testis
719 3997 836 4060 nobilis
868 3995 1020 4059 Andreas
1051 3998 1092 4059 de
1117 3997 1294 4080 Mislyno..
1329 3997 1581 4080 interrogatus..
1613 4001 1654 4061 de
1679 4001 1765 4081 a'gris
1789 4002 1820 4061 in

270 4107 439 4187 Misziyno,
471 4117 550 4188 post
575 4125 657 4186 qnos
681 4105 722 4166 ad
748 4123 844 4185 quem
869 4115 999 4186 spectat
1022 4106 1155 4176 decima,
1190 4093 1365 4185 respondit,
1398 4106 1486 4186 quod
1511 4107 1578 4186 agri
1603 4108 1632 4167 in
1658 4107 1820 4186 Miszlyno

270 4226 345 4277 sunt
369 4232 449 4295 pure
466 4211 626 4292 prediaies
650 4233 693 4274 ex
709 4213 843 4292 antiquo
868 4222 901 4275 et
918 4215 1143 4294 extirpacione
1167 4231 1251 4274 nove
1276 4213 1392 4274 radicis
1417 4233 1474 4294 per
1492 4213 1624 4288 nobiles,
1650 4215 1681 4276 ln
1705 4216 1821 4294 quibus

270 4323 363 4383 testIs
387 4319 539 4401 deposuit
570 4339 734 4400 nunquam
768 4319 810 4380 ab
834 4321 1058 4400 extirpacione
1090 4329 1123 4382 et
1147 4321 1316 4381 eleccione
1348 4317 1422 4380 ville
1455 4322 1596 4382 residere
1627 4321 1822 4386 kmethones

270 4437 346 4491 ante
370 4425 455 4490 bella
479 4425 724 4501 Pruthenicalia,
750 4447 833 4488 nunc
852 4447 929 4488 vero
946 4429 1107 4508 deposuit,
1131 4427 1272 4489 reSIdere
1297 4429 1328 4487 in
1346 4423 1481 4508 prelatis
1506 4429 1592 4510 agris
1617 4430 1815 4510 predialibus

270 4543 304 4597 nt
328 4537 398 4614 ipse
423 4539 567 4604 asseruit,
593 4533 788 4596 kmethones
813 4536 844 4595 in
861 4533 976 4595 mediis
1000 4536 1119 4596 mansis
1141 4549 1258 4596 novem
1277 4533 1410 4606 locatos,
1436 4533 1597 4598 videlicet:
1624 4535 1732 4615 Bassa,
1756 4537 1822 4600 An-

270 4641 364 4704 dreas
382 4640 518 4712 Rzancz,
533 4639 688 4703 Nicolaus
705 4639 908 4722 Pyeczonka,
921 4637 1102 4702 Stanisiaus
1115 4639 1293 4722 Kieynoth,
1312 4639 1471 4703 lohannes
1484 4639 1614 4716 Warda,
1630 4643 1821 4714 Dobeslaus,

271 4747 423 4810 Nicolaus
446 4747 587 4828 Madzey
618 4759 650 4809 et
674 4745 853 4809 Stanislaus
879 4747 1029 4828 Kopacz,
1063 4747 1203 4809 medium
1230 4767 1377 4810 mansum
1410 4750 1487 4812 dIcit
1512 4771 1584 4813 esse
1608 4751 1822 4830 desertatum;

270 4871 399 4916 causam
417 4855 555 4916 sciencie
572 4853 719 4928 reddens,
744 4853 831 4934 quod
849 4853 970 4918 audivit
987 4872 1005 4916 a
1022 4865 1114 4936 patre
1131 4875 1199 4926 suo,
1224 4857 1295 4935 quia
1316 4855 1432 4936 prefati
1450 4859 1517 4934 agri
1535 4857 1663 4920 luerunt
1680 4855 1720 4920 de
1739 4880 1821 4920 nova

270 4961 377 5024 radice
394 4962 548 5043 extirpati
573 4981 631 5040 per
646 4959 773 5023 nobiles
790 4981 851 5042 pro
868 4963 982 5042 predio
1000 4959 1133 5024 illorum.
1158 4961 1415 5042 Interrogatus..
1440 4965 1512 5045 quis
1530 4965 1622 5026 suerit
1637 4965 1732 5027 heres
1749 4967 1823 5047 iegi-

269 5071 367 5132 timus
392 5067 590 5150 prelatorum
613 5067 773 5130 bonorum
798 5070 829 5129 ln
846 5067 998 5152 Misiyno,
1024 5069 1202 5150 respondit,
1226 5071 1313 5150 quod
1341 5069 1398 5132 suit
1423 5071 1553 5150 quidam
1579 5071 1697 5132 nobilis
1720 5071 1823 5134 Stani-

269 5177 364 5250 slaus,
388 5177 441 5256 qui
467 5177 617 5256 equitans
641 5172 681 5236 de
707 5171 893 5248 Oischew0,
917 5175 1037 5238 cadens
1061 5175 1101 5237 de
1126 5195 1220 5257 equo,
1245 5177 1354 5240 subito
1380 5188 1525 5240 mortuus
1542 5187 1601 5252 est,
1627 5190 1702 5257 post
1727 5199 1822 5259 quem
1857 5181 1858 5184 ’

269 5281 356 5344 bona
380 5281 508 5365 preiata
539 5284 636 5345 sortis
660 5301 717 5344 sue
741 5285 867 5364 recepit
900 5282 1056 5362 plebanus
1089 5285 1263 5345 modernus
1297 5285 1327 5345 in
1352 5281 1551 5362 Champsko,
1587 5285 1642 5364 qui
1667 5281 1824 5365 plebanus

271 5389 385 5451 eadem
403 5387 490 5451 bona
506 5389 546 5451 ad
564 5406 636 5450 eum
655 5389 899 5470 propinquitate
923 5388 1076 5452 devoluta
1100 5389 1251 5451 iratribus
1274 5387 1474 5470 patruelibus
1491 5393 1655 5471 germanis
1671 5393 1824 5454 vendidit.

271 5493 314 5558 Et
337 5497 469 5558 tandem
501 5499 636 5558 eandem
671 5507 793 5558 sortem
830 5493 916 5576 apud
948 5493 1123 5578 plebanum
1159 5507 1305 5576 emptam
1338 5495 1527 5560 locaverunt
1552 5501 1825 5579 supranomiuatis

270 5601 503 5665 kmethonibus
533 5603 641 5666 aXV
672 5603 723 5665 vel
747 5601 831 5664 ultra
854 5605 955 5674 annis,
988 5613 1020 5664 et
1043 5605 1137 5665 testis
1169 5601 1328 5683 deposuit,
1362 5613 1395 5666 et
1420 5605 1483 5666 hoc
1507 5602 1581 5666 ideo
1606 5605 1759 5675 iecerunt,
1790 5607 1826 5668 ut

272 5711 438 5790 predictos
461 5730 559 5791 agros
583 5711 612 5770 in
638 5709 781 5791 Mislyno
805 5708 1037 5771 kinethonibus
1062 5709 1216 5785 locarent,
1241 5711 1315 5792 quia
1340 5710 1462 5774 habent
1487 5713 1573 5774 bona
1598 5714 1658 5774 alia
1682 5714 1713 5773 in
1737 5711 1824 5775 Prae-

381 5842 437 5882 Acta
451 5840 602 5882 ecclesiastica.
617 5839 653 5882 111.
1686 5835 1718 5890 12
