4458 6674
851 691 1029 742 annoxun
1052 691 1235 745 rana-1510.
1758 709 1814 770 141

270 785 371 791 -—--—--
409 787 414 790 -
486 786 492 788 -
532 785 540 788 -
582 783 677 792 -m-n

265 905 373 965 dum..
398 905 502 984 ipsum
536 905 753 966 asentenciis
783 905 1169 966 excommunicacionis„
1203 903 1336 966 absolvi.
1377 905 1429 968 Ex
1453 903 1591 966 adverso
1616 905 1820 987 Augustinus

265 1013 306 1072 de
331 1010 580 1092 Vyschegrad..
605 1013 695 1073 dedit
719 1013 899 1072 raciones..
925 1031 1025 1090 quare
1050 1011 1172 1074 absolvi
1199 1031 1264 1072 non
1285 1012 1435 1074 debeat..
1460 1011 1504 1072 Et
1527 1013 1678 1073 dominus
1702 1011 1819 1076 auditis

266 1119 447 1180 racionibus
471 1119 643 1190 mandavit,
669 1129 703 1180 ut
726 1119 810 1179 dnus
834 1121 1041 1180 canonicus..
1067 1117 1097 1179 V
1114 1109 1159 1199 gr.
1178 1121 1307 1181 racione
1331 1117 1460 1180 vialium
1485 1129 1517 1180 et
1541 1119 1570 1181 Il
1596 1119 1724 1181 racione
1749 1139 1820 1198 pro-

267 1245 450 1286 cessuuin..
467 1224 641 1305 persolvat.
667 1225 710 1286 Et
727 1225 846 1286 ibidem
865 1225 970 1287 dictus
984 1224 1069 1286 dnus
1086 1227 1259 1286 canonicus
1283 1225 1512 1288 satisfaciendo
1536 1226 1703 1288 decreto..
1728 1245 1821 1306 repo·

266 1333 329 1394 suit
353 1331 384 1392 V
409 1351 455 1411 gr.
483 1351 541 1410 pro
566 1331 701 1394 vialibus
725 1340 757 1393 et
783 1331 808 1391 11
836 1351 895 1412 pro
920 1333 1135 1411 processibus,
1161 1333 1323 1412 peciitque
1347 1352 1383 1393 se
1407 1331 1539 1394 absolvi.
1573 1331 1614 1394 Et
1638 1333 1818 1394 dominus..

267 1438 405 1500 eundem
430 1458 448 1497 a
471 1442 648 1499 sentenciis
671 1439 1053 1500 excommunicacionis..
1078 1439 1314 1500 absolvendum
1339 1439 1464 1500 duxit..
1499 1437 1539 1500 Et
1564 1440 1684 1504 ibidem
1711 1440 1821 1518 Augu·

266 1545 369 1607 stinus
392 1555 585 1625 procurator
610 1547 763 1625 produxit
788 1545 962 1606 libellum..
987 1558 1103 1624 petens
1127 1547 1231 1608 eidem
1257 1546 1461 1625 responderi;
1485 1547 1551 1608 dno
1568 1549 1725 1608 canonico
1749 1566 1821 1627 pro-

266 1662 417 1724 testante,
443 1652 530 1732 quod
555 1673 613 1732 per
630 1653 714 1713 hunc
731 1664 837 1714 actum
849 1702 870 1712 ..
895 1655 964 1717 sive
982 1653 1198 1714 absolucionis
1223 1655 1419 1733 peticionem
1441 1673 1504 1714 non
1522 1655 1717 1736 approbat..
1735 1655 1821 1715 iuris·

267 1759 445 1819 dictionem
471 1759 525 1820 dni
549 1757 737 1821 Officialis..
770 1758 882 1820 Tenor
906 1779 983 1820 vero
1009 1760 1112 1830 libelli,
1137 1761 1178 1821 de
1202 1781 1269 1840 quo
1293 1781 1391 1840 supra
1415 1759 1451 1822 fit
1476 1764 1636 1822 mencio..
1661 1770 1711 1822 est
1734 1760 1821 1822 talis:

372 1862 492 1926 Coram
518 1866 610 1926 vobis
634 1875 695 1926 etc.
713 1865 919 1946 Augustinus
936 1877 1129 1947 procurator
1146 1847 1297 1928 laboriosi
1314 1865 1439 1928 Stelani
1456 1870 1497 1928 de
1513 1868 1691 1949 Ziromyno
1708 1875 1821 1928 contra

267 1991 372 2033 vener.
405 1971 503 2032 dnum
537 1972 689 2033 Iacobum
726 1972 973 2054 Rudayenyslry
1009 1973 1197 2035 canonicum
1231 1974 1421 2036 l’locensem
1454 1976 1655 2054 proposuit..
1688 1995 1747 2054 pro
1770 1993 1821 2056 e0,

268 2081 341 2159 quia
365 2081 435 2158 ipse
461 2079 543 2141 dnus
560 2083 735 2141 canonieus
753 2079 1000 2161 Rudzyenysky
1017 2084 1152 2142 unacum
1171 2101 1230 2142 suo
1247 2082 1368 2142 lamnlo
1385 2083 1516 2144 nomine
1534 2079 1688 2142 Mathia..
1713 2083 1821 2140 animo

267 2187 325 2266 ipsi
351 2184 488 2247 Stelano
521 2198 552 2250 et
576 2189 676 2267 ipsius
699 2188 809 2248 domui
842 2188 1008 2248 iniuriandi
1041 2189 1210 2268 ipsumque
1242 2201 1275 2250 et
1300 2189 1431 2248 domum
1465 2208 1557 2250 suam
1588 2187 1765 2250 infamandi
1788 2197 1822 2248 et

267 2292 535 2355 dehonestandi..
567 2313 653 2354 anno
678 2295 821 2374 presenti
845 2305 935 2356 certa
962 2297 1013 2356 die
1038 2315 1077 2355 m.
1104 2293 1257 2358 Octobris
1289 2297 1319 2355 in
1344 2295 1418 2356 villa
1443 2295 1619 2375 Ziromyno
1651 2297 1822 2356 immemor

267 2401 413 2468 existens
437 2401 485 2461 sni
509 2409 647 2462 status..
672 2399 834 2481 quandam
861 2399 993 2462 Annam
1018 2404 1174 2484 virginem
1199 2403 1298 2482 ipsius
1323 2399 1448 2468 Stefani
1474 2401 1568 2462 filiam
1599 2404 1630 2462 in
1654 2403 1821 2480 ipsiusque

269 2507 371 2584 patria
396 2515 561 2586 potestate
585 2510 795 2570 constitutam
821 2509 886 2570 suis
911 2511 1071 2587 perversis
1096 2505 1360 2590 persuasionibus
1388 2529 1525 2571 unacum
1551 2508 1646 2570 rebus
1670 2519 1703 2570 et
1728 2525 1822 2588 pecu·

269 2613 327 2673 niis
359 2631 417 2692 per
447 2615 552 2693 ipsam
586 2613 717 2676 Annam
750 2616 854 2676 eidem
880 2613 1015 2676 Stelano
1046 2629 1079 2678 et
1104 2618 1198 2677 matri
1222 2635 1279 2678 sue
1311 2625 1420 2697 preter
1452 2617 1653 2678 voluntatem
1678 2616 1821 2695 ipsorum

268 2721 409 2798 receptis
433 2721 569 2782 abduxit
598 2741 735 2802 eamque
767 2742 893 2782 currum
919 2741 1012 2784 suum
1036 2725 1160 2802 insequi
1186 2726 1371 2803 procuravit
1396 2734 1429 2785 et
1454 2725 1586 2786 tandem
1609 2725 1730 2784 dictam
1755 2720 1822 2782 An·

269 2847 342 2887 nam
367 2847 505 2888 unacum
531 2829 627 2890 rebus
653 2829 805 2908 predictis
829 2841 862 2890 et
880 2830 1033 2909 pecuniis,
1058 2832 1204 2892 existens
1230 2851 1332 2909 prope
1349 2829 1455 2892 villam
1474 2829 1672 2892 Dambrowa
1696 2826 1822 2909 prefate

268 2932 341 2995 ville
357 2931 535 3016 Ziromyno
552 2938 699 3008 vicinam,
724 2936 763 2996 ad
782 2955 817 2998 se
835 2936 924 2998 etad
943 2957 1067 2998 currum
1086 2957 1188 3012 suum,
1213 2939 1244 2998 in
1261 2958 1327 3018 quo
1343 2939 1484 3018 ipsemet
1507 2937 1652 3010 sedebat,
1670 2933 1824 3015 imposuit

260 3023 407 3120 eamque
439 3061 542 3123 usque
574 3042 612 3103 ad
639 3040 746 3104 villam
779 3041 1010 3104 llllodochowo
1042 3043 1133 3105 duxit
1165 3055 1198 3104 et
1223 3063 1295 3104 cum
1320 3043 1434 3106 eadem
1467 3043 1658 3124 perplures
1690 3043 1758 3104 dies
1790 3050 1823 3102 et

269 3169 372 3227 usque
403 3149 434 3208 in
460 3149 543 3210 hunc
568 3150 685 3211 diem..
718 3151 864 3212 indebite
894 3163 929 3212 et
953 3149 1126 3211 inhoneste
1159 3161 1268 3230 preter
1293 3163 1326 3212 et
1350 3161 1463 3212 contra
1488 3147 1688 3210 voluntatem
1721 3147 1822 3230 ipsius

269 3252 392 3316 Steiani
419 3257 519 3334 patris
543 3259 754 3336 omniumque
779 3277 845 3337 par«
861 3267 951 3318 ntum
983 3259 1178 3319 commansit
1202 3259 1233 3318 in
1257 3259 1433 3318 maximam
1459 3257 1613 3326 iniuriam,
1644 3257 1823 3336 dampnum

270 3363 389 3441 pariter
413 3375 446 3423 et
470 3361 631 3424 inlainian
657 3365 757 3442 ipsius
782 3361 904 3426 Stefani
930 3367 1139 3445 omniumque
1163 3366 1339 3426 amicorum
1363 3375 1397 3425 et
1413 3364 1728 3443 consanguineorum
1753 3379 1823 3422 suo-

270 3487 348 3536 mm,
374 3487 471 3548 quam
488 3471 667 3530 iniuriam..
693 3471 762 3550 ipse
781 3468 933 3532 Stelanus
950 3491 1087 3532 unacum
1106 3491 1208 3532 uxore
1226 3489 1283 3532 sua
1299 3483 1333 3532 et
1350 3472 1501 3533 omnibus
1517 3471 1662 3532 amicis..
1687 3470 1824 3530 extimat

269 3577 309 3634 ad
335 3575 397 3637 XX
421 3595 604 3655 sexagenas
627 3597 673 3656 gr.
707 3579 737 3636 in
762 3577 876 3638 mediis
900 3579 1055 3656 grossis..
1081 3588 1197 3658 petens
1221 3579 1359 3639 eundern
1384 3581 1424 3639 ad
1450 3578 1691 3640 restitucionem
1716 3577 1823 3654 cogi..

271 3697 303 3742 et
327 3682 552 3744 nichilominus
577 3685 708 3745 racione
733 3685 876 3746 iniurie..
901 3688 932 3744 in
957 3684 1050 3746 dictis
1075 3684 1140 3748 XX
1164 3689 1336 3763 sexagenis
1359 3685 1603 3746 condemnari..

484 3877 525 3937 A.
556 3891 646 3956 1509,
672 3877 863 3940 Decembris
889 3893 939 3958 25,
963 3870 994 3938 in
1021 3877 1186 3939 Poltowsk
1211 3881 1242 3938 in
1267 3881 1354 3940 curia
1378 3877 1565 3958 episcopali.

378 3995 467 4064 300.
498 4000 598 4079 (Acta
624 4003 722 4079 episc.
747 4001 811 4078 le.
846 4002 1087 4064 Distinccio
1122 4023 1206 4064 nova
1231 4005 1445 4066 decanatuum
1476 4004 1508 4063 in
1531 4001 1654 4065 diocesi
1678 3999 1825 4060 Plocensi

272 4117 304 4166 et
329 4107 464 4186 pristine
488 4108 708 4188 amplitudinis
733 4110 885 4170 limitacio
909 4111 939 4170 in
964 4111 1122 4171 sinodo
1149 4109 1345 4171 Plocensi
1370 4110 1463 4184 lacta,
1488 4129 1552 4189 que
1570 4108 1628 4170 luit
1652 4119 1742 4169 tenta
1767 4126 1825 4185 per

273 4214 390 4274 Rmum
415 4215 515 4274 dnum
541 4215 710 4276 Erasmuin
737 4217 927 4296 episcopum
953 4235 1013 4296 pro
1038 4216 1211 4279 Dominica
1235 4217 1342 4278 ludica
1366 4237 1391 4278 a.
1417 4217 1537 4280 Christi
1561 4214 1717 4294 MDVlll.

485 4407 526 4468 A.
558 4423 646 4487 1510.
673 4408 806 4470 Ianuarii
831 4427 860 4488 9,
886 4411 1026 4470 incuria
1051 4409 1238 4492 episcopali.

379 4528 468 4596 301.
493 4532 588 4608 (Acta
615 4534 713 4613 episc.
743 4535 775 4613 tl.
802 4533 958 4596 Testes
982 4535 1102 4596 inducti
1129 4555 1188 4614 pro
1213 4543 1305 4616 parte
1330 4533 1384 4594 dni
1408 4533 1561 4596 Iohannis
1584 4531 1824 4594 Zabrzeszinslci

271 4647 330 4700 etc.
354 4651 388 4702 et
412 4649 525 4700 contra
550 4640 648 4702 dnam
673 4639 799 4702 Itamila
827 4641 978 4722 l<rupsl<a
1003 4655 1062 4703 etc.

378 4745 506 4807 Nobilis
532 4747 683 4810 Nicolaus
708 4750 749 4810 de
773 4748 941 4827 Ryczicze.
974 4749 1091 4810 nobilis
1121 4749 1162 4808 de
1187 4749 1284 4810 armis
1315 4750 1416 4826 patris
1448 4745 1600 4819 Trzusko,
1633 4746 1744 4807 matris
1769 4743 1826 4804 Bo·

271 4851 429 4932 beescam,
462 4855 548 4914 bona
573 4855 696 4916 liabens
729 4856 870 4916 melioris
903 4856 1020 4916 valoris
1045 4853 1071 4918 C
1096 4857 1276 4934 sexagenis
1310 4858 1390 4916 citra
1414 4875 1517 4916 annos
1542 4853 1603 4915 XL
1634 4853 1684 4914 vel
1708 4852 1825 4913 ultra.·

273 4962 441 5040 respondit
472 4981 507 5024 se
531 4963 660 5022 novisse
692 4963 834 5023 Felicem
859 4963 1017 5041 Krupslci,
1054 4983 1127 5024 narn
1160 4974 1193 5024 et
1217 4963 1310 5024 matri
1342 4983 1399 5023 sue
1424 4963 1569 5032 servivit,
1602 4961 1692 5022 novit
1724 4960 1825 5020 eciam

272 5087 290 5128 a
314 5085 417 5148 puero
442 5066 631 5128 modernum
657 5068 833 5129 iohannem
859 5069 1110 5131 Zabrzeszinski.
1135 5068 1215 5130 Item
1240 5067 1409 5148 respondit
1434 5087 1498 5128 non
1524 5071 1653 5129 novisse
1678 5087 1712 5128 se
1729 5085 1826 5145 quen-

272 5175 346 5236 dam
372 5173 587 5253 Sudzyinuth‚
620 5177 660 5236 de
694 5197 759 5255 quo
792 5178 822 5236 in
853 5176 997 5248 articulo,
1031 5195 1187 5256 proavum
1217 5177 1363 5238 moderni
1394 5177 1448 5238 dni
1481 5173 1735 5242 Zabrzeszinslri‚
1767 5175 1826 5236 sed

271 5281 432 5343 duntaxat
463 5291 584 5343 matres
616 5295 680 5343 tarn
713 5285 767 5344 dni
797 5284 1036 5345 Zabrzeszinslci
1069 5303 1167 5362 quam
1200 5283 1315 5345 Felicis
1339 5282 1493 5363 Krupslri¹
1526 5301 1656 5344 causam
1689 5283 1825 5344 sciencie

383 5477 399 5538 ¹)
419 5476 453 5523 Ze
473 5487 524 5539 tym
545 5476 713 5539 nngldukiein
734 5477 775 5539 iila
794 5494 827 5523 1111
847 5477 929 5526 trzech
948 5476 1052 5525 kartach
1074 5476 1174 5542 wykuzy
1193 5477 1367 5525 dzielranrldw
1388 5477 1396 5522 i
1416 5475 1512 5539 parasii,
1531 5476 1570 5522 ule
1592 5474 1663 5539 karty
1683 5486 1707 5522 te
1726 5491 1754 5536 sq
1773 5491 1828 5538 cze-

273 5567 365 5614 sciowo
386 5565 428 5613 tak
447 5565 598 5624 misicone,
623 5581 637 5611 a
657 5567 793 5628 capiciano
813 5568 863 5630 tyle
884 5569 1022 5632 pdlniejsza
1047 5583 1078 5614 ns
1100 5566 1158 5614 nich
1178 5567 1238 5629 relic
1264 5565 1390 5614 dolconala
1413 5565 1549 5630 popruwelr
1576 5567 1581 5612 i
1603 5565 1769 5630 przekreslam
1798 5564 1826 5611 ie

274 5655 428 5718 musielis'my
447 5653 581 5701 zaniechud
601 5653 771 5702 odtworzenia
791 5673 822 5703 na
836 5659 869 5720 iej
884 5658 1026 5720 podsluuie
1045 5657 1114 5720 spisu
1128 5657 1301 5704 daielranaldw
1322 5658 1328 5703 1
1344 5655 1430 5719 parilii
1444 5656 1484 5719 dy«
1494 5655 1560 5719 cezyi
1575 5653 1693 5718 Plockiej.
1714 5653 1826 5717 Przytem

274 5759 304 5791 co
323 5743 443 5806 najmniej
462 5743 547 5806 jednej
567 5743 640 5807 karty
659 5743 730 5804 bralr,
751 5762 782 5793 ua
802 5745 882 5809 lrtdrej
903 5745 994 5793 ltoniec
1014 5755 1073 5808 tego
1093 5745 1245 5793 inwentarza
1265 5745 1301 5808 sie
1321 5744 1470 5807 znnjdowal.
