4392 6672
395 687 437 748 ²4
872 671 965 719 ACTA
983 671 1107 720 IUDICll
1127 672 1262 722 ECCLES.
1284 673 1472 722 PLoOENsrs

393 883 535 965 Tyncza,
559 883 738 946 stanislaus
758 883 924 946 Kralcowa
941 885 1091 947 consules
1108 895 1140 947 et
1158 882 1402 946 Swanthoslaus
1421 886 1571 948 scabinus
1589 897 1817 965 procuratores
1833 907 1946 948 consu·

393 993 458 1054 lum
484 1004 517 1054 et
540 993 759 1054 vitricorum..
785 1004 1033 1072 proposuerunt,
1058 992 1224 1070 quomodo
1242 992 1407 1071 plebanus,
1431 1004 1528 1072 prout
1546 1004 1674 1055 tenetur
1691 996 1778 1054 iuxta
1797 1005 1945 1054 tenorem

393 1108 589 1162 statutorum
607 1097 858 1179 provincialium,
884 1101 1018 1161 tercium
1044 1099 1209 1160 denarium
1235 1119 1293 1179 pro
1314 1099 1548 1161 reforrnacione
1572 1101 1707 1162 ecclesie
1725 1120 1790 1160 non
1806 1099 1862 1161 dat
1886 1119 1945 1162 nec

393 1206 560 1286 impendit,
585 1215 736 1286 petentes
753 1225 826 1266 eum
843 1206 996 1287 compelli
1012 1207 1053 1268 ad
1071 1207 1213 1268 dandum
1239 1210 1371 1267 tercium
1390 1205 1565 1268 denarium.
1592 1208 1672 1268 ltem
1695 1213 1945 1286 proposuerunt,

393 1314 561 1394 quomodo
585 1333 665 1374 ausu
690 1313 864 1374 temerario
896 1325 928 1375 et
953 1311 1110 1394 sacrilego
1135 1333 1221 1374 anno
1246 1316 1389 1393 presenti
1421 1327 1498 1376 ante
1523 1313 1639 1376 festum
1672 1334 1698 1376 s,
1723 1311 1890 1374 Michaelis
1914 1313 1944 1372 in

393 1422 501 1482 medio
527 1421 632 1482 noctis
657 1420 841 1482 subintrans
866 1422 1042 1482 sacristiam
1076 1441 1148 1480 cum
1174 1441 1232 1482 suo
1257 1431 1499 1500 carnpanatore,
1532 1442 1628 1500 quem
1653 1424 1724 1502 ipse
1755 1433 1869 1482 contra
1892 1441 1945 1480 vo·

393 1527 551 1590 luntatem
576 1529 761 1588 vitricorurn
787 1537 819 1588 et
845 1528 1010 1588 consulum
1038 1531 1215 1600 constituit,
1240 1547 1329 1590 seras
1345 1530 1430 1590 circa
1447 1530 1569 1598 cistam,
1594 1531 1707 1609 inqua
1730 1539 1945 1592 esttezaurus

393 1635 537 1708 ecclesie,
562 1633 656 1714 lregit
681 1645 714 1696 et
733 1635 790 1696 uisi
814 1633 969 1696 custodes
992 1636 1131 1696 civitatis
1156 1637 1305 1696 consules
1330 1657 1394 1696 non
1421 1649 1602 1710 vocassem,
1626 1645 1730 1697 toturn
1757 1635 1943 1696 thezaurum

392 1744 432 1804 de
457 1743 571 1804 eadem
596 1743 676 1804 cista
700 1743 887 1820 recepisset,
913 1753 945 1803 et
963 1743 1079 1804 eodem
1107 1753 1256 1822 tempore
1279 1741 1405 1804 habens
1429 1752 1462 1804 et
1487 1753 1602 1806 tenens
1627 1741 1733 1804 claves
1757 1764 1774 1802 a
1800 1743 1945 1804 sacristia

393 1853 434 1914 de
452 1851 565 1912 eadem
591 1850 736 1912 sacristia
760 1849 925 1910 humerale
949 1851 989 1910 de
1010 1869 1088 1909 auro
1112 1859 1239 1910 textum
1264 1861 1297 1912 et
1322 1853 1513 1930 margaretis
1537 1851 1678 1930 desuper
1702 1860 1850 1911 ornatum
1877 1869 1944 1928 per·

393 1958 482 2034 didit,
513 1957 591 2020 alias
615 1978 677 2038 pro
701 1977 736 2019 se
760 1959 927 2036 usurpavit
951 1957 982 2016 in
1008 1957 1117 2017 valore
1141 1955 1172 2018 X
1197 1977 1444 2036 sexagenarum,
1477 1967 1630 2038 petentes
1654 1977 1727 2018 eum
1752 1953 1943 2036 sacrilegum

393 2065 605 2147 pronunciari.
644 2065 726 2126 Item
758 2063 898 2126 nodulos
930 2075 1105 2143 argenteos
1130 2062 1192 2124 XX
1226 2065 1255 2124 in
1280 2065 1389 2126 valore
1415 2064 1427 2124 l
1456 2083 1622 2144 sexagene
1654 2075 1686 2126 et
1711 2074 1879 2142 pretextas
1903 2065 1944 2123 de

392 2192 480 2242 aur0,
513 2193 576 2254 que
600 2170 728 2234 fuerunt
752 2172 836 2232 circa
860 2181 1037 2250 apparatus
1062 2170 1206 2243 ecclesie,
1231 2171 1272 2232 de
1297 2171 1410 2233 eadem
1437 2173 1582 2232 sacristia
1606 2171 1756 2252 perdidit,
1781 2170 1859 2231 alias
1884 2189 1944 2250 pro

393 2299 428 2340 se
453 2287 587 2360 usurpat
613 2279 644 2338 in
668 2278 777 2340 valore
802 2277 848 2338 IV
874 2297 1121 2356 sexagenarum.
1155 2277 1234 2338 Item
1259 2287 1508 2358 proposuerunt,
1534 2277 1701 2358 quomodo
1725 2297 1857 2360 organa,
1882 2297 1944 2354 que

392 2396 467 2448 sunt
497 2387 530 2447 in
554 2385 699 2456 ecclesia,
733 2387 879 2464 permisit
903 2383 1071 2446 destruere
1105 2405 1164 2463 per
1186 2385 1474 2462 irnprovidenciam
1507 2405 1607 2457 suam,
1640 2384 1766 2446 habens
1797 2402 1887 2445 seras
1911 2393 1944 2444 et

392 2492 499 2554 claves
523 2493 659 2554 ecclesie
683 2492 777 2564 dicte,
802 2492 999 2553 extimantes
1023 2491 1200 2572 dampnum
1224 2493 1265 2552 ad
1290 2491 1320 2552 X
1345 2512 1535 2573 sexagenas.
1573 2491 1653 2553 Item
1680 2511 1740 2571 pro
1764 2489 1943 2560 luminibus,

392 2621 455 2681 que
480 2599 656 2660 offeruntur
680 2602 721 2661 ad
745 2599 846 2660 altare
871 2619 931 2679 pro
956 2599 1050 2660 laude
1076 2599 1144 2668 Dei,
1170 2610 1204 2660 ut
1228 2600 1370 2667 ardeant,
1396 2621 1456 2679 pro
1481 2620 1515 2661 se
1541 2599 1628 2680 capit
1652 2611 1684 2661 et
1702 2619 1808 2660 ceram
1834 2597 1944 2659 vendit

392 2707 563 2770 ecclesiam
580 2707 699 2770 dictam
718 2707 898 2786 spoliando
923 2705 1004 2768 Item
1025 2727 1083 2785 pro
1101 2706 1180 2767 XVI
1196 2709 1360 2768 asseribus
1376 2708 1454 2768 alias
1470 2709 1627 2775 terczicee,
1652 2726 1732 2786 quas
1749 2703 1943 2768 deecclesia

391 2816 516 2895 recepit
541 2825 573 2876 et
597 2813 719 2876 eisdem
744 2814 877 2874 domum
903 2833 993 2874 suam
1020 2812 1206 2874 reformavit
1232 2816 1260 2874 in
1287 2812 1396 2876 valore
1421 2813 1501 2875 XVI
1517 2834 1563 2896 gr.
1589 2813 1668 2875 Item
1696 2823 1943 2891 proposuerunt,

392 2923 558 3003 quomodo
594 2921 654 2984 sub
686 2919 834 2982 custodia
866 2921 965 2999 ipsius
997 2919 1136 2981 sabbato
1169 2924 1320 3001 proximo
1353 2933 1428 2982 ante
1453 2920 1657 2982 Conductum
1684 2919 1783 2980 Pasce
1814 2937 1942 2980 cereum

392 3048 543 3110 magnum
570 3029 609 3090 de
635 3025 771 3089 ecclesIa
795 3039 844 3089 est
861 3026 1065 3106 deperditum
1091 3029 1120 3087 iu
1147 3029 1255 3088 valore
1273 3027 1314 3088 ΙΙΙ
1340 3047 1577 3108 sexagenarum
1602 3037 1636 3089 et
1660 3027 1721 3088 hoc
1746 3045 1810 3088 non
1835 3023 1943 3086 lractis

392 3138 479 3210 seris,
505 3147 622 3214 petens
646 3155 720 3222 eum
745 3135 787 3196 ad
812 3135 1051 3196 restitucionem
1077 3137 1308 3214 premissorum
1334 3135 1493 3216 compelli,
1518 3134 1596 3197 alias
1617 3133 1657 3195 ad
1675 3131 1866 3196 solvendum
1891 3151 1942 3191 va·

392 3243 503 3305 lorem.
529 3241 580 3304 Ex
605 3242 743 3302 adverso
768 3241 915 3316 Iacobus,
940 3255 1132 3320 procurator
1156 3242 1358 3312 substitutus
1385 3243 1498 3321 petivit
1522 3243 1651 3323 copiam
1677 3241 1940 3320 proposicionum

391 3361 424 3410 et
449 3351 652 3410 terminum..
677 3349 718 3410 ad
743 3347 1016 3429 respondendum.
1043 3349 1200 3410 Dominus
1225 3351 1328 3428 copiis
1352 3350 1491 3412 decretis
1515 3351 1720 3409 terminum..
1746 3348 1787 3408 ad
1812 3365 1942 3426 respon-

391 3455 532 3518 dendum
557 3457 598 3517 ad
622 3455 714 3516 XIIII
737 3455 806 3517 dies
831 3457 1014 3536 assignavit.

499 3559 561 3626 63.
585 3561 738 3642 (Ibidem).
763 3563 798 3623 In
823 3582 921 3623 causa
945 3564 1070 3643 providi
1097 3563 1255 3632 Iohannis,
1280 3565 1358 3626 civis
1383 3565 1422 3626 de
1447 3561 1641 3634 Zacroczirn,
1665 3573 1780 3624 contra
1803 3559 1941 3623 eundem

392 3669 566 3750 plebanum
591 3670 632 3730 de
656 3670 784 3738 ibidem,
816 3668 1009 3731 lohannes..
1034 3647 1214 3749 proposuit,
1239 3669 1440 3750 quomodo..
1464 3673 1569 3750 ipsum
1594 3691 1685 3732 anno
1710 3669 1853 3750 presenti
1878 3683 1942 3727 non

391 3775 511 3838 habitis
543 3775 752 3856 processibus
783 3779 1077 3838 excommunicavit
1110 3777 1153 3836 ob
1178 3776 1248 3846 hoc,
1280 3779 1354 3856 qula
1378 3778 1546 3840 conlessor
1569 3780 1669 3859 ipsius
1693 3779 1798 3857 ipsum
1831 3795 1942 3854 aper·

390 3886 547 3965 cepcione
581 3903 672 3944 sacre
704 3881 883 3944 Eucaristie
908 3885 1086 3961 suspendit,
1122 3884 1162 3945 de
1187 3905 1251 3964 qua
1275 3888 1488 3965 suspensione
1521 3887 1605 3946 idem
1638 3883 1805 3946 consessor
1836 3882 1940 3944 eidem

391 3991 531 4073 plebano
556 4011 665 4072 perse
689 3992 796 4070 ipsum
821 3989 916 4052 fidem
943 3989 1026 4064 feeit,
1053 3992 1121 4071 ipse
1148 4012 1213 4052 non
1233 4011 1349 4052 curans
1367 3995 1526 4072 premissa
1542 3992 1603 4053 Dei
1621 3994 1737 4054 timore
1755 3989 1941 4072 postposito

389 4100 494 4176 ipsum
520 4117 560 4159 eo
584 4097 656 4178 plus
680 4098 984 4169 excommunicavit,
1016 4099 1153 4160 extimat
1185 4099 1328 4159 iniuriam
1362 4099 1401 4161 ad
1427 4099 1457 4160 X
1481 4097 1549 4162 llor.
1582 4099 1662 4160 ltem
1687 4097 1858 4179 proposuit
1883 4115 1941 4176 pro

390 4205 480 4276 soda,
513 4225 610 4286 quam
643 4205 672 4266 ei
696 4203 1003 4266 accommodaverat
1035 4225 1093 4285 pro
1122 4205 1240 4266 decore
1272 4205 1406 4266 ecclesie
1439 4209 1469 4266 in
1494 4205 1602 4268 valore
1627 4205 1658 4267 V
1683 4205 1760 4274 flor,
1793 4223 1888 4284 quam
1913 4203 1941 4265 ei

390 4309 501 4372 debuit
524 4314 695 4374 restituere
720 4321 753 4374 et
778 4331 843 4372 non
867 4314 1017 4386 restituit,
1050 4333 1109 4392 pro
1134 4331 1198 4392 qua
1222 4315 1322 4373 eciam
1348 4315 1451 4393 ipsum
1477 4314 1518 4374 ad
1542 4314 1640 4374 dnam
1665 4313 1825 4374 ducissam
1849 4329 1941 4372 voca·

390 4427 482 4480 verat
504 4427 537 4479 et
562 4438 626 4479 non
644 4420 796 4490 restituit,
821 4432 853 4480 et
878 4438 974 4499 quam
1000 4421 1102 4480 eciam
1127 4419 1289 4499 dignitarii
1315 4421 1378 4482 dne
1403 4421 1529 4482 ducisse
1554 4421 1723 4481 restituere
1748 4420 1852 4480 eidem
1879 4417 1941 4498 ple·

390 4525 476 4587 bano
500 4524 541 4586 de
566 4527 720 4587 mandato
744 4527 808 4587 dne
832 4526 960 4588 ducisse
987 4523 1280 4611 [mandaverunt]..
1305 4527 1386 4588 Item
1413 4531 1592 4607 proposuit,
1619 4527 1786 4607 quomodo
1810 4525 1942 4586 servivit

390 4635 417 4693 ei
443 4633 620 4712 equitando
645 4631 836 4694 Cracoviam
862 4644 895 4694 et
920 4645 1034 4694 contra
1059 4633 1099 4695 de
1117 4632 1284 4702 Cracovia,
1310 4637 1504 4714 promittens
1528 4655 1602 4695 eum
1627 4635 1776 4695 salariare
1803 4653 1862 4714 pro
1879 4651 1941 4694 ser·

390 4741 480 4812 vicio,
506 4740 588 4820 petit
612 4738 762 4801 salarium
787 4739 815 4800 lI
841 4739 1013 4802 florenos.

567 4949 573 4967 ·
603 4933 644 4994 Α.
675 4933 765 5011 1466,
790 4932 865 4994 Maii
895 4949 941 5010 17,
966 4934 998 4994 in
1022 4937 1216 4996 consistorio
1240 4933 1469 4996 Polthoviensi.

497 5053 560 5123 64.
585 5057 682 5140 (Acta
705 5057 789 5120 offic.
813 5057 888 5134 Ill..
921 5058 955 5118 ln
980 5078 1077 5120 causa
1101 5059 1313 5120 discretorum
1338 5059 1488 5120 Stanislai
1513 5069 1546 5121 et
1570 5058 1700 5121 alterius
1724 5057 1874 5120 Stanislai
1898 5057 1941 5118 vi-

390 5167 548 5228 cariorum
573 5167 604 5226 in
622 5163 848 5228 Czechonowo
874 5177 987 5227 contra
1012 5165 1151 5227 nobilem
1180 5166 1354 5228 iohannem
1380 5168 1532 5228 heredem
1560 5169 1589 5228 in
1611 5167 1813 5247 Smyeczino‚
1837 5165 1943 5228 Stani-

389 5273 474 5336 slaus
499 5275 667 5334 vicarius„
695 5276 876 5353 proposuit,
909 5274 1075 5352 quomodo
1100 5272 1238 5334 Michael
1262 5274 1397 5336 kmetho
1422 5276 1564 5337 eiusdem
1591 5274 1741 5335 iohannis
1765 5274 1804 5333 de
1829 5270 1940 5354 Smye·

389 5381 479 5442 caino
505 5382 582 5441 emit
599 5379 757 5441 decimam
784 5381 870 5460 apud
887 5377 1096 5452 Stanislaum,
1121 5382 1271 5441 vicariurn
1290 5383 1322 5442 in
1340 5379 1576 5454 Czechonowo,
1601 5395 1843 5444 antecessorem
1865 5379 1941 5440 dicti

389 5485 540 5550 Stanislai
566 5507 625 5567 pro
650 5485 725 5548 CVI
749 5507 794 5566 gr.
820 5497 852 5547 et
877 5487 947 5567 ipse
972 5488 1057 5548 cavit
1082 5507 1142 5567 pro
1166 5489 1282 5548 eodem
1309 5501 1526 5556 antecessore,
1551 5501 1668 5568 petens
1692 5509 1764 5549 eum
1791 5483 1942 5566 compelli

389 5593 429 5655 ad
455 5592 664 5656 solucionem.
689 5593 742 5654 Ex
759 5594 897 5654 adverso
922 5593 1037 5654 nobilis
1062 5597 1194 5676 negavit
1217 5597 1414 5669 caucionem,
1439 5595 1572 5670 addens,
1597 5598 1684 5676 quod
1703 5595 1834 5676 quando
1850 5596 1940 5672 ipsos

389 5700 575 5780 composuit
600 5699 767 5778 plebanus,
799 5720 875 5762 suus
900 5701 1008 5762 socius
1031 5701 1125 5763 dixit:
1150 5721 1213 5781 ego
1237 5703 1314 5763 nolo
1339 5704 1482 5782 recipere
1506 5702 1703 5774 mandatum,
1735 5703 1841 5764 saltim
1866 5698 1940 5764 volo
