4458 6674
407 683 448 746 92
880 663 974 714 acm
993 663 1117 728 runtcu
1135 663 1271 724 accurs.
1291 663 1479 713 suocausrs

407 879 565 960 prepositi
590 878 621 938 in
638 877 821 960 Vynnycza
845 886 913 938 et..
938 874 1052 956 petivit
1076 875 1275 954 sentenciam
1301 873 1537 952 diffinitivam..
1561 879 1773 958 pronunciari.
1798 877 1842 943 Et
1859 879 1963 943 Rmus

408 985 523 1052 dnus..
548 985 772 1068 pronunciavit
798 992 832 1045 ut
855 985 1014 1064 sequitur:

514 1091 633 1155 Christi
658 1095 789 1153 nomine
820 1091 1006 1153 invocato..
1039 1092 1071 1152 in
1095 1089 1156 1150 hac
1181 1109 1279 1152 causa
1311 1110 1355 1154 ex
1379 1089 1485 1154 olficio
1510 1102 1624 1154 nostro
1656 1091 1818 1156 ordinario
1849 1092 1964 1162 honor.

408 1221 501 1282 mgro
526 1200 645 1261 lacobo
670 1200 710 1261 de
735 1196 940 1262 Gosthkowo
965 1197 1134 1278 preposito
1159 1197 1449 1261 mansionariorum
1474 1199 1505 1260 in
1524 1198 1684 1280 Vynycza
1709 1209 1807 1274 mota,
1832 1202 1905 1282 quia
1922 1221 1965 1264 ex

406 1307 670 1390 deposicionibus
694 1309 826 1368 testium
851 1325 962 1366 coram
987 1305 1082 1367 nobis
1106 1304 1346 1372 inductorum..
1370 1325 1467 1386 super
1491 1307 1633 1370 articulis
1658 1327 1699 1368 ex
1723 1306 1831 1369 officio
1848 1319 1962 1372 nostro

406 1415 664 1478 contradictum
689 1433 817 1496 mgrum
841 1411 996 1476 Iacobum
1021 1412 1221 1492 productis..
1254 1413 1421 1474 evidenter
1447 1415 1667 1496 comperimus
1699 1415 1783 1476 adeo
1807 1413 1906 1478 luisse
1930 1426 1963 1478 et

408 1543 480 1586 esse
504 1523 592 1585 viciis
616 1541 800 1602 resparsum
826 1531 859 1582 et
876 1520 1104 1584 scandalosum
1130 1532 1164 1582 et
1180 1520 1440 1600 incorrigibilem,
1466 1520 1554 1601 quod
1579 1541 1622 1584 ex
1638 1541 1680 1583 eo
1701 1520 1767 1584 lere
1785 1531 1856 1584 tota
1872 1543 1963 1604 paro·

408 1631 479 1693 chia
503 1629 751 1707 scandalisatur;
776 1639 809 1690 et
834 1639 1011 1709 propterea
1035 1629 1077 1690 ad
1103 1626 1362 1690 submovendum
1389 1629 1461 1710 ipsa
1485 1627 1638 1690 scandala
1669 1627 1904 1692 decernimus..
1929 1640 1963 1692 ut

407 1737 510 1800 dictus
535 1757 615 1818 mgr.
640 1735 778 1797 lacobus
808 1735 937 1797 interim
969 1734 1052 1796 infra
1075 1735 1149 1795 hinc
1181 1744 1215 1798 ct
1239 1745 1371 1815 tempus
1403 1743 1561 1798 semestre
1593 1737 1698 1814 ipsam
1724 1737 1962 1816 preposituram

407 1864 497 1906 suam
530 1845 560 1906 in
584 1841 745 1924 Vynycza
770 1853 864 1905 extra
888 1843 1043 1908 diocesim
1069 1852 1214 1904 nostram
1239 1851 1451 1904 commutet..
1476 1839 1619 1922 alioquin
1644 1853 1765 1923 expost
1796 1843 1837 1904 ad
1861 1845 1963 1924 priva·

407 1953 533 2014 cionem
556 1951 656 2032 ipsius
680 1961 713 2012 et
737 1947 866 2024 adalia,
890 1969 953 2030 que
977 1949 1053 2010 iuris
1072 1947 1189 2010 suerint
1213 1947 1368 2020 iacienda,
1393 1959 1506 2012 contra
1530 1947 1669 2011 eundem
1694 1947 1793 2012 dante
1817 1947 1963 2012 Domino

408 2059 654 2140 precedemus..

514 2161 603 2230 217.
628 2164 806 2248 (lbidern)..
831 2162 950 2227 Coram
976 2163 1063 2226 Rmo
1080 2163 1146 2224 dno
1162 2159 1291 2244 presule
1316 2161 1493 2226 Plocensi..
1521 2161 1633 2226 honor.
1650 2183 1730 2248 mgr.
1748 2163 1905 2227 Albertus
1922 2165 1963 2235 de

407 2273 550 2353 Lowycz
573 2273 745 2354 instigator
762 2270 858 2332 officii
869 2320 890 2333 ..
916 2283 1030 2332 contra
1047 2271 1218 2352 providum
1244 2267 1439 2332 Stanislaum
1457 2270 1540 2334 Soth
1557 2271 1758 2354 oppidanum
1776 2271 1816 2334 de
1833 2269 1963 2335 Gosthi-

409 2401 507 2462 nyn..
533 2381 714 2463 proposuit,
740 2380 814 2460 quia
838 2379 941 2460 ipse..
966 2397 1063 2440 ausus
1088 2389 1138 2440 est
1162 2376 1437 2450 blasfemare,
1461 2379 1573 2440 dicens
1597 2398 1678 2440 non
1702 2397 1798 2440 esse
1822 2399 1962 2442 verum

409 2485 575 2568 Corpus
607 2485 773 2548 Christi
805 2506 879 2566 per
910 2484 1183 2548 sacerdotem
1215 2495 1532 2560 consecratum,
1564 2485 1622 2548 sed
1652 2485 1815 2566 quandam
1839 2487 1963 2562 cistam,

408 2605 524 2676 petens
536 2595 642 2674 ipsum
656 2593 832 2655 secundum
850 2593 1034 2656 sanctiones
1047 2593 1252 2656 canonicas..
1268 2602 1302 2654 ut
1316 2591 1508 2654 blassemum
1528 2593 1631 2674 puniri
1649 2605 1681 2656 et
1698 2594 1963 2674 condempnari..

515 2697 604 2766 218.
629 2699 807 2782 (ibidem)..
832 2697 955 2760 Honor.
981 2717 1060 2780 mgr.
1086 2696 1244 2762 Albertus
1268 2697 1309 2761 de
1325 2699 1479 2780 Lowycz,
1504 2699 1676 2782 instigator
1698 2699 1826 2762 oflicii..
1850 2711 1965 2762 contra

407 2805 581 2871 discretum
607 2806 764 2868 Mathiam
788 2804 978 2886 Sthucznyk
1004 2805 1217 2886 presbiterum
1251 2805 1292 2868 de
1316 2805 1555 2870 Banthlrowo..
1581 2809 1760 2889 proposuit,
1794 2809 1869 2890 quia
1894 2807 1962 2887 ipse

408 2913 470 2978 Dei
493 2915 611 2976 timore
635 2923 668 2978 et
692 2913 850 2996 dignitate
875 2912 1075 2994 presbiterali
1108 2915 1302 2996 postpositis
1333 2916 1375 2978 ad
1400 2915 1563 2995 quandam
1588 2915 1754 2978 mulierem
1779 2917 1962 2978 maritatam

410 3021 709 3086 molendinatrlcem
735 3031 786 3082 est
810 3020 981 3081 continuus
1014 3039 1087 3082 cum
1111 3021 1227 3083 eadem
1253 3020 1475 3092 adulterando.
1508 3033 1624 3102 petens
1655 3023 1760 3102 ipsum
1785 3023 1963 3086 secundum

408 3131 600 3191 sancciones
624 3128 798 3189 canonicas
821 3128 916 3208 penis
940 3127 1077 3208 puniri..

622 3319 664 3383 A.
694 3334 784 3400 1502,
809 3317 964 3383 Octobris
989 3337 1017 3402 7,
1042 3321 1074 3382 in
1099 3319 1233 3384 lablona
1257 3324 1288 3384 in
1312 3323 1399 3385 curia
1423 3323 1609 3406 episcopali.

518 3443 608 3511 219.
633 3444 731 3528 (Acta
754 3447 852 3530 episc.
877 3445 982 3524 Vlll..
1008 3449 1144 3510 Rmus..
1169 3447 1251 3510 dnus
1269 3447 1463 3511 Vincencius
1487 3449 1525 3512 D.
1544 3471 1574 3534 g.
1598 3447 1772 3532 episcopus
1797 3447 1962 3510 Plocensis

408 3553 449 3615 ad
475 3555 671 3634 peticionem
703 3555 854 3636 generosi
878 3551 933 3615 dni
957 3551 1108 3617 Iohannis
1140 3554 1180 3617 de
1204 3555 1343 3618 Podosie
1374 3557 1537 3636 capitanei
1561 3555 1851 3626 Warschoviensis,
1883 3553 1962 3614 alias

408 3659 450 3722 ad
474 3661 664 3722 instanciam
690 3659 752 3720 dne
770 3658 883 3723 Cleofe
900 3658 1066 3744 Sgyerslra
1090 3665 1373 3734 excommunicati,
1397 3662 1437 3724 de
1455 3683 1617 3726 consensu
1641 3660 1786 3724 eiusdem
1803 3659 1962 3742 prelatum

409 3767 507 3830 dnum
528 3767 734 3846 capitaneum
751 3766 795 3828 ob
811 3786 941 3828 causam
966 3767 1274 3846 expediciouis
1297 3769 1459 3833 bellice
1484 3789 1568 3832 nunc
1585 3769 1790 3842 imminentis,
1813 3768 1844 3828 in
1863 3786 1961 3848 quan·

408 3883 477 3936 tum
503 3874 639 3936 eandem
673 3873 887 3956 personaliter
919 3885 1143 3956 prosequetur,
1175 3877 1267 3938 duxit
1292 3877 1527 3940 absolvendum
1562 3888 1595 3939 et
1620 3876 1859 3938 absolucionem
1884 3873 1961 3936 alias

409 3981 469 4042 sibi
494 3979 604 4043 datam
636 4002 679 4042 ex
703 4001 800 4043 causa
824 3981 969 4061 predicta
1000 3981 1081 4044 infra
1105 3982 1180 4044 hinc
1213 3995 1246 4048 et
1270 3983 1314 4046 111
1337 3985 1570 4065 septimanas..
1602 3983 1646 4046 ob
1670 4003 1763 4066 spem
1787 3981 1961 4044 concordie

409 4089 494 4150 inter
517 4088 661 4170 prefatas
685 4099 797 4170 partes
821 4085 1003 4152 habende..
1027 4090 1132 4152 eidem
1156 4091 1391 4154 continuavit..

623 4279 663 4344 Α.
693 4297 785 4362 1502,
811 4280 967 4346 Octobris
993 4299 1043 4364 31,
1069 4283 1098 4345 in
1124 4281 1290 4346 Zlothoria
1313 4284 1343 4345 in
1368 4283 1456 4346 curia
1479 4281 1666 4365 episcopali.

517 4402 605 4472 220.
631 4403 728 4488 (Acta
753 4407 849 4488 episc.
874 4407 958 4492 VII).
982 4407 1138 4472 Nicolaus
1161 4407 1411 4472 Karmistowicz
1435 4409 1545 4474 citavit
1562 4408 1738 4472 Albertum
1757 4407 1798 4469 de
1813 4407 1963 4469 Zarambi

410 4534 502 4582 suum
526 4533 716 4596 germanum
742 4514 894 4578 clericum
919 4527 954 4578 et
971 4519 1142 4598 proposuit
1166 4527 1280 4580 contra
1304 4518 1444 4580 eundem
1461 4517 1570 4591 verbo,
1595 4517 1683 4596 quod
1701 4517 1786 4580 idem
1804 4513 1962 4576 Albertus

409 4625 542 4690 clericus
565 4642 765 4703 sexagenam
792 4624 999 4706 pecuniarum
1027 4625 1123 4686 sortis
1147 4624 1188 4685 ad
1213 4624 1317 4704 ipsum
1343 4625 1536 4704 pertinentis
1561 4623 1684 4706 recepit
1708 4643 1768 4704 pro
1784 4623 1892 4702 capite
1910 4640 1963 4702 pa-

410 4735 467 4796 tris
492 4732 635 4812 ipsorum
661 4729 855 4812 interempti.
895 4729 949 4792 Ex
971 4730 1110 4793 adverso
1143 4729 1301 4800 Albertus
1333 4731 1498 4812 predictus
1530 4728 1706 4810 respondit,
1739 4729 1826 4810 quod
1858 4747 1962 4810 pauca

409 4849 483 4903 sunt
508 4838 584 4904 data
607 4857 667 4918 pro
691 4837 798 4919 capite
823 4839 924 4922 patris
948 4839 1057 4912 nostri,
1082 4849 1116 4900 et
1140 4837 1200 4914 illa¹
1226 4857 1289 4920 que
1314 4849 1388 4900 sunt
1412 4839 1497 4909 data,
1522 4847 1597 4900 sunt
1621 4836 1792 4899 distributa
1817 4855 1875 4914 per
1899 4853 1962 4895 ma-

408 4959 491 5010 trem
518 4955 670 5016 nostram,
696 4943 749 5006 ubi
766 4943 894 5006 fuerunt
918 4945 1029 5008 debita
1053 4965 1111 5027 per
1128 4956 1253 5026 patrem
1278 4957 1433 5007 nostrum.
1459 4943 1662 5026 Replicando
1686 4943 1792 5005 dictus
1807 4941 1962 5004 Nicolaus

410 5055 498 5124 dixit.
524 5051 612 5134 quod
637 5071 710 5126 non,
735 5051 793 5113 sed
818 5052 907 5133 quod
931 5063 964 5114 tu
982 5053 1121 5116 eandem
1145 5071 1345 5134 sexagenam
1370 5052 1467 5114 sortis
1491 5049 1531 5112 ad
1549 5071 1600 5113 me
1618 5049 1811 5133 pertinentis
1835 5057 1868 5110 et
1884 5047 1962 5110 alias

409 5161 563 5242 pecunias
587 5160 626 5220 ad
644 5158 759 5224 fratres
783 5159 864 5221 alios
889 5160 1093 5240 pertinentes
1117 5179 1177 5242 pro
1194 5180 1230 5222 se
1247 5159 1398 5241 recepisti
1415 5167 1448 5220 et
1464 5159 1597 5220 easdem
1622 5157 1791 5240 usurpasti,
1816 5155 1858 5217 ad
1875 5155 1963 5236 quod

409 5269 494 5332 idem
520 5265 674 5330 Nicolaus
698 5288 733 5332 se
758 5267 970 5350 probaturum
995 5265 1147 5330 obtulit..

623 5461 665 5524 A.
694 5475 786 5540 1502,
811 5459 1007 5522 Novembris
1030 5478 1060 5538 4,
1088 5460 1118 5521 in
1142 5457 1284 5522 Zlotoria
1309 5461 1339 5520 in
1364 5459 1450 5520 curia
1475 5456 1662 5539 episcopali.
1755 5509 1761 5518 .

517 5581 607 5652 221.
631 5585 729 5668 (Acta
746 5587 844 5666 episc.
861 5583 942 5666 Vll).
960 5585 1064 5648 Rmus
1079 5633 1101 5646 ..
1119 5585 1202 5647 dnus
1219 5583 1416 5646 Vincencius
1434 5579 1620 5670 [episcopus
1637 5578 1813 5666 Plocensis]
1830 5590 1963 5663 recepta

411 5695 548 5781 pleniori
573 5691 824 5757 confirmacione
848 5693 889 5756 de
913 5694 1150 5758 irrcontiueneia
1174 5691 1315 5756 Simonis
1339 5691 1471 5774 plebani
1495 5692 1526 5754 in
1544 5691 1671 5757 Cizewo
1688 5689 1777 5754 iuxta
1795 5689 1961 5756 decretum
