4392 6672
796 689 974 741 ANNORUM
993 689 1178 744 latta-1464.
1726 709 1763 774 17

209 902 362 964 vicarium
386 903 619 982 spectantibus.
645 938 688 948 --
712 902 768 964 Ad
793 904 1024 966 secundum
1057 905 1234 974 articulum,
1267 907 1320 984 qui
1344 905 1469 986 incipit:
1504 905 1604 967 »Item
1638 909 1760 985 ponit..

210 1010 298 1090 quod
323 1011 408 1072 inter
424 1024 541 1085 cetera,
566 1031 629 1090 que
646 1011 889 1090 dogmatisabet
914 1031 971 1074 seu
990 1011 1187 1093 predicabat.
1213 1031 1309 1072 ausus
1326 1023 1377 1073 est
1401 1013 1572 1074 temerarie
1597 1011 1764 1092 predicare

209 1126 242 1176 et
267 1116 375 1178 dicere
399 1117 441 1179 ad
465 1116 631 1197 populum,
656 1117 744 1196 quod
770 1118 800 1178 in
826 1117 888 1179 hoc
913 1129 1131 1188 sacramento,
1156 1119 1243 1197 quod
1268 1118 1412 1180 elevatur
1436 1139 1546 1180 coram
1571 1120 1673 1192 vobis,
1698 1139 1763 1181 non

209 1233 259 1284 est
276 1244 371 1286 verus
397 1223 486 1286 Deus
503 1244 563 1286 nec
580 1245 675 1285 verus
693 1222 849 1296 Christus
875 1226 933 1286 sed
950 1237 999 1286 est
1018 1225 1121 1286 solum
1140 1236 1411 1300 sacramentum,
1435 1226 1666 1305 respondendo
1682 1225 1764 1288 dixit

209 1331 314 1408 ipsum
340 1351 405 1392 non
430 1351 502 1393 esse
526 1351 647 1398 verum,
672 1351 731 1392 nec
755 1332 929 1411 aliquando
954 1353 1011 1412 per
1036 1335 1140 1412 ipsum
1168 1331 1244 1403 iore,
1278 1341 1312 1392 ut
1336 1343 1401 1394 stat
1425 1336 1456 1392 in
1482 1333 1597 1402 verbis,
1623 1332 1764 1414 predica

209 1448 287 1516 tum,
310 1438 526 1518 adiungendo,
559 1439 647 1518 quod
672 1459 735 1519 ego
759 1459 868 1500 coram
894 1437 1018 1520 populo
1043 1441 1088 1500 sic
1114 1440 1276 1517 predicavi
1311 1450 1440 1501 etcum
1472 1441 1613 1518 plebano
1637 1460 1697 1502 suo
1721 1439 1763 1501 de

210 1543 354 1624 Pnyewo
385 1543 566 1606 collocutus
591 1544 642 1618 lui,
679 1547 785 1606 taliter
818 1547 906 1625 quod
934 1545 1084 1608 videlicet
1118 1547 1177 1606 hec
1202 1545 1327 1620 albedo
1364 1567 1460 1626 quam
1493 1549 1524 1608 in
1549 1557 1762 1614 sacramento,

209 1652 297 1732 quod
322 1651 476 1724 elevatur,
510 1652 693 1714 Eukaristie
718 1673 810 1714 sacre
835 1673 899 1714 non
925 1667 976 1714 est
1002 1653 1099 1726 Deus,
1131 1654 1190 1714 sed
1215 1656 1342 1733 species
1366 1655 1567 1726 sacramenti,
1592 1655 1650 1715 sed
1676 1653 1762 1734 quod

209 1761 290 1820 intra
315 1759 375 1821 sub
399 1757 450 1820 illa
475 1757 624 1822 albedine
648 1763 840 1829 continetur,
859 1771 909 1822 est
926 1781 1021 1821 verus
1046 1759 1136 1822 Deus
1153 1761 1303 1822 conditor
1327 1772 1360 1822 et
1377 1761 1567 1840 redemptor
1584 1773 1701 1822 noster.
1720 1797 1763 1805 -

208 1865 264 1928 Ad
288 1866 471 1928 tercium
503 1867 682 1936 articulum,
708 1868 760 1947 qui
785 1869 909 1947 incipit:
944 1867 1045 1930 »Item
1071 1869 1172 1948 ponit,
1203 1869 1290 1947 quod
1315 1867 1356 1930 de
1381 1867 1441 1928 hac
1466 1867 1693 1948 predicacione
1718 1879 1763 1930 te-

208 1975 342 2036 meraria
367 1981 401 2036 et
424 1976 582 2056 sacrilega
606 1986 656 2036 est
681 1975 809 2056 publica
833 1995 900 2036 vox
924 1975 1009 2035 circa
1032 1975 1152 2036 dictam
1177 1975 1348 2036 ecclesiam
1373 1976 1403 2034 in
1430 1974 1573 2055 Pnyewo
1598 1973 1762 2054 parochia·

208 2079 270 2142 lem
295 2093 327 2143 et
349 2083 530 2144 communis
553 2081 658 2144 fama«
672 2131 694 2143 ..
719 2081 949 2162 respondendo
966 2082 1060 2144 dixit:
1084 2083 1142 2142 sibi
1160 2083 1202 2143 de
1219 2103 1260 2144 eo
1278 2101 1342 2142 non
1359 2093 1520 2154 constare,
1544 2082 1762 2162 adiungendo,

208 2189 298 2269 quod
322 2189 440 2250 inimici
464 2190 536 2258 mei,
562 2189 615 2268 qui
640 2209 692 2249 me
716 2190 747 2248 in
773 2189 896 2269 pugillo
921 2209 1005 2268 aque
1029 2190 1241 2268 submergere
1265 2189 1397 2263 vellent,
1430 2198 1568 2267 possunt
1592 2188 1651 2249 hec
1675 2189 1761 2267 loqui

207 2297 291 2356 inter
314 2315 358 2357 se.
383 2295 436 2358 Ex
461 2294 600 2357 adverso
625 2293 770 2376 prefatus
795 2294 934 2357 Michael
959 2297 1163 2378 instigator..
1188 2298 1354 2376 predictos
1378 2297 1561 2358 articulos.
1586 2294 1703 2356 obtulit
1727 2314 1762 2356 se

208 2403 452 2482 probaturum..

420 2595 462 2656 A.
493 2597 583 2688 1464,
608 2594 811 2676 Septembris
837 2613 864 2675 3.
889 2597 920 2656 in
945 2595 1084 2675 lunyecz
1109 2597 1139 2658 in
1165 2598 1251 2658 curia
1276 2597 1463 2677 episcopali.

313 2717 378 2785 44.
402 2721 501 2802 (Acta
525 2723 622 2800 episc.
646 2721 705 2796 ll..
730 2723 817 2783 Rmo
842 2733 966 2802 patre..
992 2722 1109 2782 iudicio
1134 2723 1321 2802 presidente
1346 2722 1504 2784 discretus
1521 2721 1659 2782 lacobus
1676 2739 1761 2801 pres·

207 2827 290 2889 bitcr
321 2829 362 2890 de
387 2827 649 2908 Rcyeschewo..
677 2831 872 2908 comparuit,
905 2839 1022 2909 petens
1046 2849 1082 2890 se
1107 2827 1228 2890 absolvi
1260 2829 1470 2890 asentencia
1502 2831 1762 2889 excommunica·

206 2935 309 2996 cionis
332 2945 469 3015 propter
485 2937 721 2996 contumaciam
747 2937 778 2996 in
797 2939 902 3014 ipsum
922 2939 994 3004 lata,
1019 2949 1051 2997 et
1070 2935 1208 2998 obtento
1233 2935 1389 2997 beneficio
1410 2935 1630 2997 absolucionis
1646 2935 1762 2996 honor.

207 3041 346 3102 Michael
371 3042 412 3103 de
430 3041 627 3117 Prasmowo,
652 3044 771 3104 arcium
797 3043 1003 3116 baccalarius,
1028 3055 1222 3124 procurator
1246 3053 1278 3105 et
1296 3045 1467 3122 instigator
1491 3043 1619 3104 officii..
1645 3053 1759 3103 contra

206 3149 344 3211 eundem
371 3151 549 3230 proposuit,
575 3151 662 3229 quod
680 3151 751 3230 ipse
768 3163 881 3212 contra
906 3163 1027 3212 statum
1052 3151 1232 3212 clericalem
1258 3159 1291 3212 et
1307 3151 1338 3210 in
1356 3150 1566 3229 preiudicium
1585 3150 1760 3212 infamiam·

206 3275 269 3336 que
294 3259 362 3318 eius
394 3258 660 3319 mendicavit
691 3259 721 3317 in
749 3258 833 3320 sesto
866 3279 890 3319 s.
915 3257 1135 3320 Bartholomei
1168 3260 1198 3318 in
1228 3257 1412 3338 Plonyszlro
1444 3279 1505 3338 pro
1538 3277 1623 3318 nova
1654 3257 1760 3330 missa,

205 3373 324 3439 petens
347 3365 453 3443 ipsum
485 3363 716 3444 condempnari
750 3367 781 3428 in
806 3385 889 3446 pena
923 3365 1051 3427 adhoc
1078 3365 1237 3446 deputata
1269 3375 1303 3428 et
1327 3367 1546 3445 propositioni
1578 3363 1760 3426 huiusmodi

206 3468 404 3550 responderi.
430 3469 481 3530 Ex
496 3472 634 3532 adverso
658 3472 764 3534 dictus
782 3473 918 3533 lacobus
936 3473 1097 3551 presbiter
1115 3471 1283 3534 confessus
1299 3483 1358 3552 est,
1383 3471 1470 3553 quod
1495 3471 1760 3532 mendicavit

206 3596 293 3638 cum
325 3574 465 3637 calice
497 3589 530 3639 et
555 3577 567 3638 l
590 3597 741 3659 grossum
767 3598 809 3638 ex
834 3577 1016 3638 huiusmodi
1042 3579 1285 3639 mendicacione
1310 3579 1430 3640 habuit.
1472 3579 1514 3640 Et
1538 3577 1642 3639 Rmus
1667 3587 1760 3656 pater

206 3686 310 3763 ipsum
336 3704 379 3744 ex
403 3683 598 3746 consessatis
622 3687 723 3764 ipsius
748 3686 1002 3766 condempnavit
1027 3686 1057 3745 in
1082 3705 1168 3764 pena
1193 3707 1251 3764 per
1275 3685 1450 3766 capitulum
1481 3687 1509 3745 io
1536 3685 1686 3764 proximo
1712 3705 1759 3744 ce-

206 3790 395 3852 lebrandum
420 3791 452 3850 in
478 3790 577 3852 Plock
602 3791 828 3854 declaranda..

418 3983 460 4044 A.
491 3987 580 4062 1464,
605 3983 808 4066 Septembris
833 4001 861 4066 7,
886 3987 919 4048 in
942 3987 1137 4048 consistorio
1162 3985 1369 4048 Poltoviensi.

310 4105 376 4174 45.
399 4109 499 4193 (Acta
524 4109 607 4171 olsrc.
632 4109 701 4190 ll)..
729 4111 912 4190 Religiosus
937 4109 1131 4189 Stephanus,
1157 4112 1344 4191 prepositus
1369 4113 1398 4171 in
1425 4109 1654 4178 Welischowo,
1688 4129 1758 4190 per-

205 4215 358 4280 sonaliter
389 4219 585 4280 constitutus
616 4217 751 4279 domino
782 4219 972 4279 iudicialiter
1004 4219 1190 4298 presidente
1215 4217 1381 4298 allegavit,
1414 4219 1502 4297 quod
1526 4227 1640 4290 testes,
1673 4236 1755 4296 quos

204 4317 355 4387 inducere
387 4324 499 4386 debuit
531 4335 645 4387 contra
670 4323 889 4404 Przybislaum
923 4327 953 4385 in
980 4325 1192 4386 dilacionibus
1216 4325 1276 4386 sibi
1301 4328 1473 4394 concessis,
1509 4345 1569 4404 pro
1602 4325 1662 4385 hac
1687 4325 1757 4384 vice

204 4432 355 4493 inducere
381 4451 444 4492 non
471 4441 582 4511 potest
605 4453 647 4494 ex
672 4431 732 4492 hiis
756 4434 870 4503 causis,
895 4433 967 4511 quia
993 4443 1095 4494 testes
1120 4443 1194 4493 sunt
1219 4431 1353 4508 nobiles,
1378 4435 1430 4511 qui
1447 4433 1575 4493 iverunt
1600 4432 1640 4492 ad
1658 4451 1756 4510 expe·

204 4539 364 4600 dicionem
389 4549 502 4599 contra
519 4539 665 4600 inimicos
689 4549 943 4600 vastatores
967 4549 1084 4600 terre
1109 4547 1142 4600 et
1160 4539 1271 4599 haberi
1289 4559 1352 4600 non
1371 4549 1519 4620 possunt.
1546 4539 1588 4600 Et
1606 4539 1757 4600 dominus

204 4647 334 4728 cognita
358 4646 403 4706 rei
427 4646 563 4707 veritate
587 4646 756 4726 suspendit
780 4646 1003 4706 induccionem
1030 4666 1131 4726 usque
1160 4647 1201 4706 ad
1225 4646 1364 4706 reditum
1389 4643 1429 4706 de
1454 4643 1540 4706 bello
1572 4657 1605 4707 et
1629 4663 1756 4706 conser-

204 4753 290 4814 vavit
314 4751 488 4814 dilaciones
513 4771 532 4814 a
547 4754 614 4814 iure
631 4772 805 4814 concessas
829 4753 1059 4833 suspendendo
1085 4773 1275 4831 processum
1292 4773 1389 4814 cause
1407 4773 1509 4832 usque
1526 4751 1566 4813 ad
1583 4753 1756 4812 terminum

204 4859 458 4940 suprascriptum
471 4909 493 4921 ..

416 5052 458 5115 Α.
489 5054 579 5131 1464,
604 5051 759 5115 Octobris
785 5071 812 5133 3,
837 5057 867 5114 in
893 5053 1086 5116 consistorio
1112 5051 1317 5115 Poltoviensi.

308 5172 373 5241 46.
397 5177 497 5256 (Acta
521 5177 602 5239 oilie.
627 5177 696 5258 ΙΙ)..
722 5177 891 5240 Discretus
916 5177 1084 5253 lohannes,
1110 5179 1247 5239 vicarius
1271 5181 1302 5239 in
1327 5177 1461 5257 Palulry,
1494 5179 1593 5238 citato
1618 5175 1756 5255 provido

205 5282 309 5358 Paulo,
341 5285 468 5346 notario
492 5285 633 5346 civitatis
665 5285 705 5346 de
731 5285 988 5366 Novemyasth0,
1023 5286 1139 5365 petivit
1163 5305 1236 5346 eum
1266 5285 1417 5365 compelli
1450 5282 1491 5344 ad
1516 5281 1753 5344 terminandum

203 5390 394 5462 bibliam,
420 5401 516 5470 prout
540 5393 670 5470 incepit.
695 5391 856 5453 Dominus
880 5413 923 5454 ex
940 5391 1131 5454 consessatis
1156 5393 1256 5472 ipsius
1280 5390 1367 5452 Pauli
1393 5392 1570 5472 assignavit
1596 5390 1625 5450 ei
1650 5390 1754 5450 termi-

202 5517 278 5558 num
302 5497 342 5558 ad
367 5497 604 5560 terminandum
630 5499 821 5578 scripturam
848 5519 890 5560 ex
907 5501 1034 5579 integro
1059 5510 1091 5560 et
1108 5510 1255 5560 correcte
1272 5497 1353 5559 inira
1371 5499 1444 5559 hinc
1461 5509 1493 5559 et
1512 5497 1755 5576 priviumcarnis

203 5603 261 5664 sub
287 5623 370 5684 pena
395 5605 754 5666 excommunicacionis.

309 5733 365 5772 Arra
380 5733 536 5772 neclerlnstlrn.
554 5733 594 5772 ΙΙΙ,
1631 5725 1647 5774 3
