4392 6672
922 684 1010 733 ΑΝΝΙ
1030 681 1172 780 1449*-ᾑρ
1772 695 1787 762 5

550 775 869 782 m--.-.-..
906 775 1105 782 --.--—--·--—
1192 774 1386 780 -.-------.-.-.
1407 774 1445 779 .--
1465 774 1493 778 -
1515 773 1598 778 ..-.-
1623 774 1705 778 --.
1728 775 1784 780 --....

240 897 380 978 Stopino
404 905 437 960 et
455 894 611 959 Czacbori
638 916 696 976 pro
713 905 919 958 sacramento
943 893 1105 974 baptismi,
1130 894 1392 974 quociescunque
1413 912 1496 973 opus
1513 892 1616 964 fuerit,
1640 913 1700 974 pro
1717 913 1790 954 eon·

240 1004 380 1066 sessione
405 1024 483 1066 vero
507 1015 541 1065 et
565 1003 749 1064 Eukaristie
779 1002 989 1064 sacramentis
1015 985 1170 1082 ‘tempore
1194 999 1451 1081 Quadragesime
1482 1002 1567 1061 circa
1591 999 1709 1062 festum
1734 1000 1789 1062 Pa·

239 1113 315 1174 sebe
340 1114 433 1172 annis
457 1112 589 1192 singulis
615 1111 833 1192 percipiendis
856 1129 921 1170 non
939 1109 1011 1170 alibi
1038 1127 1135 1187 quarn
1160 1108 1199 1168 ad
1218 1107 1386 1168 ecclesiam
1412 1127 1521 1168 eorum
1550 1108 1714 1168 matricem
1732 1127 1789 1168 seu

240 1218 457 1301 parochialem
482 1220 513 1280 in
530 1215 796 1298 Rosezyscbewo
812 1214 978 1277 confluent
995 1226 1027 1277 et
1044 1225 1224 1289 recurrent;
1249 1225 1281 1275 et
1298 1214 1405 1275 divina
1422 1215 1589 1274 missarum
1608 1211 1790 1292 solempnia

239 1327 366 1388 sexcies
397 1327 427 1386 ln
452 1345 538 1386 anno
570 1328 599 1385 in
626 1324 717 1386 festis
741 1322 961 1403 infrascriptis,
993 1322 1143 1385 videlicet
1176 1321 1452 1382 Annunciacionis
1482 1331 1515 1382 et
1542 1319 1791 1398 Assumpcionis

239 1433 269 1495 b.
294 1433 405 1500 Mane,
431 1431 559 1502 Pascbe,
585 1429 829 1498 Penthecostes‚
855 1431 1011 1510 Corporis
1033 1429 1151 1490 Christi
1175 1439 1208 1490 et
1227 1428 1412 1488 Natiuitatis
1430 1426 1502 1506 Dni,
1526 1428 1556 1487 in
1582 1427 1697 1507 quibus
1715 1439 1791 1488 tunc

240 1541 335 1601 missa
360 1541 391 1600 in
417 1538 547 1620 prelato
571 1537 704 1600 oraculo
728 1537 882 1598 celebrari
907 1556 972 1598 non
997 1537 1110 1606 debet*
1135 1533 1249 1616 prelati
1275 1533 1377 1596 incole
1399 1536 1493 1596 trium
1518 1533 1662 1595 villarum
1690 1533 1791 1614 predi-

240 1657 364 1708 ctarum
390 1647 419 1706 in
445 1645 580 1706 ecclesia
605 1646 749 1724 ipsorum
774 1641 952 1724 parochiali
982 1647 1011 1702 in
1037 1642 1300 1722 Rosczyschewo
1324 1641 1522 1703 tenebuntur
1545 1641 1655 1702 audire
1679 1652 1713 1704 et
1736 1639 1791 1702 ob-

240 1753 381 1814 laciones
405 1772 517 1814 eorum
543 1752 667 1824 offerre,
692 1771 730 1812 ac
754 1770 886 1811 suorum
913 1770 977 1810 non
1003 1749 1076 1810 alibi
1102 1769 1198 1830 quam
1224 1751 1304 1809 circa
1331 1749 1433 1828 ipsam
1459 1747 1628 1808 ecclesiam
1653 1749 1684 1807 in
1709 1747 1791 1808 Ros·

239 1860 432 1939 czyscbewo
464 1857 668 1920 tumulabunt
699 1877 837 1938 corpora
869 1856 1105 1926 defunctorum,
1137 1857 1324 1936 capellanus
1348 1876 1425 1917 vero
1457 1857 1525 1916 sive
1549 1855 1708 1936 presbiter
1732 1872 1791 1932 per

240 1967 414 2046 plebanum
446 1969 477 2026 in
503 1965 766 2047 Rosczyschewo
800 1965 884 2025 circa
908 1962 1071 2024 oraculum
1106 1964 1284 2044 predictum
1316 1965 1347 2022 in
1374 1962 1514 2024 llorowo
1538 1963 1733 2022 constitutus
1757 1971 1791 2022 et

239 2071 375 2133 kmetbo
399 2091 474 2133 suus
499 2074 531 2133 in
556 2071 681 2151 prefata
705 2071 885 2133 hereditate
909 2071 1050 2132 Borowo
1076 2071 1161 2150 ligna
1192 2090 1252 2150 pro
1277 2073 1351 2150 igne
1375 2071 1558 2130 necessaria
1591 2087 1681 2130 more
1705 2070 1790 2128 inco·

240 2178 340 2240 larum
364 2179 511 2240 villarum
537 2179 754 2258 predictarum
779 2181 889 2244 trium.
923 2179 1074 2239 videlicet
1097 2177 1247 2244 Borowo.
1280 2175 1418 2257 Stupino
1443 2187 1476 2236 et
1501 2174 1665 2249 Czachori,
1692 2174 1791 2238 libere

239 2286 389 2348 excidere
421 2287 543 2366 poterit
577 2297 610 2348 et
634 2305 746 2348 secure
779 2288 845 2346 sine
877 2287 1017 2346 cuiusvis
1049 2284 1285 2364 prohibicione;
1319 2304 1415 2363 quam
1448 2284 1647 2344 sentenciam
1680 2293 1791 2363 partes

240 2393 355 2455 eedem
381 2402 660 2474 assumpserunt..

453 2585 494 2648 A.
523 2603 613 2663 1449.
639 2585 835 2646 Novembris
865 2600 911 2666 17,
935 2586 966 2646 in
990 2583 1217 2666 Wyschlrowo
1243 2585 1382 2646 incuria
1407 2583 1592 2664 episcopali.

352 2707 411 2775 ll.
435 2710 535 2791 (Acta
560 2713 658 2790 episc.
682 2711 740 2782 Il..
767 2709 853 2772 Rmo
879 2721 970 2788 patre
994 2711 1060 2772 dno
1078 2709 1187 2778 Paulo,
1212 2712 1371 2790 episcopo
1396 2709 1554 2776 Plocensi,
1578 2709 1696 2768 iudicio
1721 2727 1790 2786 pre·

239 2818 373 2893 sidente,
398 2819 429 2878 in
447 2837 544 2879 causa
568 2816 685 2879 nobilis
710 2817 862 2878 lobannis
885 2817 1057 2900 Zagorslcy
1080 2831 1193 2879 contra
1210 2818 1384 2880 discretum
1410 2815 1591 2886 Falislaum,
1618 2814 1790 2894 plebanum

239 2927 270 2986 iu
295 2925 525 2996 Dambrowlra,
551 2936 584 2988 et
607 2924 733 2986 nobiles
759 2925 910 2985 lacobum
935 2925 976 2985 de
1001 2924 1193 2990 Laszlrowo.
1226 2925 1414 3004 Troyanum
1448 2925 1489 2986 de
1512 2923 1573 2984 alia
1598 2921 1792 2992 Laszlrowo,

240 3031 367 3093 Petrum
400 3030 530 3092 fratrem
563 3032 706 3093 eiusdem
732 3030 887 3113 Troyani,
918 3033 1087 3094 Andream
1113 3031 1211 3093 silium
1237 3033 1336 3094 Brath
1369 3033 1408 3092 de
1433 3029 1663 3099 Dambrowka,
1696 3027 1790 3090 Weli·

239 3137 341 3200 slaum
366 3138 407 3200 de
432 3137 630 3221 Chayanthy
653 3151 687 3202 et
712 3139 930 3202 Venceslaum
956 3139 996 3200 de
1022 3139 1213 3206 Laszkowo
1239 3137 1383 3220 prefatus
1409 3136 1524 3199 nobilis
1549 3137 1710 3198 lohannes
1735 3135 1789 3196 Za·

239 3245 396 3326 gorsky..
422 3249 592 3328 proposuit
617 3247 726 3316 verbo,
752 3248 919 3327 quomodo
944 3257 1054 3327 preter
1077 3248 1250 3308 scienciam
1276 3256 1308 3309 et
1332 3265 1464 3308 omnem
1489 3245 1690 3308 voluntatem
1717 3262 1792 3306 suas

239 3351 280 3413 ad
304 3353 474 3414 ecclesiam
500 3352 719 3434 parochialem
753 3357 784 3414 in
809 3353 1032 3416 Dambrowlra
1058 3354 1237 3434 predictam
1263 3357 1330 3415 iure
1356 3353 1530 3436 parochiali
1556 3362 1607 3414 est
1631 3351 1792 3431 ascriptus

239 3470 272 3521 et
295 3459 464 3522 adiunctus
497 3469 529 3520 et
554 3461 595 3522 ab
619 3459 758 3523 ecclesia
789 3463 818 3520 in
845 3459 1045 3534 Clambow0‚
1077 3463 1241 3542 adquam
1267 3462 1354 3540 prius
1379 3461 1532 3540 pertinuit
1564 3469 1596 3520 et
1621 3459 1791 3538 spectavit.

239 3577 289 3629 est
313 3567 480 3635 alienatus,
505 3578 621 3648 petens
646 3587 681 3629 se
706 3569 828 3630 restitui
854 3568 895 3629 ad
919 3568 1090 3630 ecclesiam
1116 3571 1146 3628 in
1171 3568 1372 3638 Clambowo,
1404 3569 1566 3647 adquam
1591 3567 1632 3627 ab
1657 3566 1792 3644 antiquo

240 3675 424 3754 pertinebat
448 3684 482 3736 et
507 3674 685 3755 spectabat.
712 3673 765 3735 Ex
781 3675 919 3736 adverso
944 3675 1088 3754 prelatus
1114 3675 1272 3756 plebanus
1295 3677 1325 3735 in
1353 3673 1574 3736 Dambrowka
1598 3685 1631 3736 et
1656 3673 1791 3753 predicti

240 3778 364 3840 nobiles
387 3779 618 3860 allegaverunt.
652 3780 738 3860 quod
765 3780 837 3841 villa
864 3781 1149 3843 Rascowskewole
1174 3794 1324 3862 tempore
1349 3783 1568 3843 adiunccionis
1593 3801 1650 3842 seu
1674 3780 1791 3858 ascrip-

239 3888 340 3948 cionis
375 3907 433 3966 pro
471 3891 540 3968 ipsa
573 3888 710 3949 ecclesia
742 3889 772 3948 in
798 3888 1021 3951 Dambrowlra
1047 3889 1104 3950 luit
1130 3891 1245 3964 locata,
1276 3889 1333 3950 sed
1360 3890 1502 3950 nondum
1529 3887 1635 3948 eidem
1661 3886 1793 3948 libertas

239 3996 452 4075 expiraverat.
485 3995 559 4055 villa
584 4009 694 4057 autem
729 3996 874 4058 Rosczes
906 3998 1048 4059 eiusdem
1083 3997 1199 4058 nobilis
1233 3996 1384 4058 Iohannis
1408 3995 1566 4076 Zagorsld
1598 3997 1702 4075 primo
1734 3992 1792 4054 luit

240 4113 455 4174 emensurata,
488 4103 545 4163 sed
572 4102 713 4164 nondum
738 4101 824 4172 culta
849 4124 908 4165 nec
932 4123 1094 4183 possessa,
1120 4106 1254 4184 propius
1278 4114 1386 4166 autem
1413 4105 1510 4165 distat
1533 4103 1575 4162 ab
1600 4099 1737 4162 ecclesia
1759 4101 1792 4160 in

239 4206 461 4270 Dambrowlra
498 4222 531 4270 et
555 4208 596 4269 ad
621 4229 692 4270 eam
726 4213 830 4290 magis
861 4222 950 4272 tutus
982 4213 1028 4271 eis
1053 4222 1143 4292 patet
1176 4230 1335 4290 accessuS‚
1372 4229 1467 4288 quarn
1500 4209 1542 4270 ad
1566 4205 1735 4269 ecclesiam
1760 4209 1791 4267 in

240 4314 441 4376 Clambowo.
481 4314 654 4377 Terminus
678 4317 799 4378 eisdem
827 4317 974 4395 partibus
998 4321 1204 4379 continuatur
1228 4319 1267 4378 ad
1292 4317 1486 4378 audiendum
1512 4315 1712 4376 voluntatem
1736 4313 1792 4376 do·

240 4422 397 4482 minorum
423 4423 463 4480 ad
490 4423 673 4501 proximum
699 4423 875 4502 capitulum
902 4425 1065 4498 Plocense,
1098 4425 1151 4485 ubi
1177 4435 1287 4504 partes
1319 4443 1390 4484 cum
1417 4424 1537 4484 iuribus
1562 4433 1595 4484 et
1620 4419 1792 4501 privilegiis

239 4544 350 4588 eorum
375 4529 515 4608 desuper
539 4529 657 4591 habitis
688 4543 722 4590 et
746 4529 904 4592 conlectis
929 4532 1182 4611 comparebunt3
1215 4530 1421 4611 presentibus
1450 4531 1571 4591 ibidem
1597 4529 1669 4590 dnis
1693 4526 1792 4589 Paulo

239 4633 280 4694 de
307 4631 400 4695 Golin
415 4656 457 4695 no
482 4636 684 4698 decretorum
711 4638 855 4716 doctore,
878 4637 1020 4700 Iohanne
1045 4637 1235 4699 cancellario
1259 4649 1291 4700 et
1308 4636 1450 4699 Stiborio
1473 4638 1515 4698 de
1539 4634 1792 4698 Gosczanczicze

239 4742 371 4820 prelatis
405 4753 437 4804 et
461 4745 626 4804 cammicis
658 4744 795 4805 ecclesie
831 4744 993 4806 Plocensis
1025 4755 1058 4806 et
1091 4765 1143 4806 me
1177 4742 1364 4807 Praeczslao
1396 4743 1519 4805 Nicolai
1552 4743 1593 4805 de
1624 4742 1791 4804 lanczewo

240 4849 377 4909 notario.

453 5042 494 5104 A.
525 5059 616 5120 1449,
640 5043 837 5106 Novembris
862 5044 913 5126 26,
936 5047 967 5105 in
992 5045 1159 5108 Poltowsk
1185 5048 1214 5106 in
1238 5047 1324 5108 cutia
1349 5044 1535 5126 episcopali.

352 5161 410 5230 12.
435 5163 537 5247 (Aeta
554 5168 652 5245 episc.
675 5171 702 5246 1)
729 5219 734 5230 .
753 5167 871 5231 Coram
890 5171 977 5231 Rmo
996 5185 1087 5248 patre
1104 5172 1169 5232 duo
1187 5170 1293 5242 Paulo,
1319 5171 1477 5251 episcopo
1494 5169 1649 5242 Plocensi,
1674 5169 1791 5229 iudicio

241 5273 427 5352 presidente
452 5275 481 5334 in
507 5294 605 5335 causa
629 5275 766 5337 ecclesie
789 5297 874 5338 nove
898 5279 928 5338 in
954 5277 1125 5358 Zaramby.
1151 5279 1233 5340 idem
1259 5278 1342 5339 dnus
1366 5279 1542 5356 episcopus
1566 5275 1607 5337 de
1631 5295 1792 5336 consensu

240 5379 352 5441 honor.
377 5379 521 5442 Sdzeslai
547 5384 706 5461 prepositi
731 5386 760 5444 in
780 5383 897 5445 Zuzola
923 5400 999 5446 tunc
1024 5387 1142 5446 ibidem
1169 5389 1330 5466 presentis
1355 5386 1446 5446 villas
1471 5385 1694 5462 infrascriptas
1719 5403 1790 5444 cum

240 5488 380 5566 ipsarum
406 5488 568 5549 nobilibus
592 5491 758 5552 videlicet:
788 5492 970 5568 Nyewalth.
997 5490 1173 5571 Campiste‚
1197 5491 1363 5554 Simonem
1389 5507 1422 5554 et
1440 5493 1567 5554 Petrum
1586 5493 1626 5554 de
1644 5493 1791 5554 Borowo

241 5591 486 5676 Golambyewo
519 5593 642 5676 Sclody
665 5595 793 5676 triplex,
828 5597 997 5660 Darnlowo
1031 5612 1062 5661 et
1092 5599 1296 5680 Camyhowo
1327 5611 1452 5662 tantum
1485 5601 1526 5661 ad
1550 5597 1791 5676 beneplacitum

242 5720 299 5762 sue
324 5700 399 5774 Ptis,
437 5701 567 5762 Paulum
600 5703 758 5765 Zaramba
793 5715 826 5766 et
851 5706 1043 5786 Msczyszek
1074 5707 1229 5769 Zaluszlra
1266 5708 1370 5768 eidem
1403 5706 1538 5768 ecclesie
1575 5710 1604 5767 in
1630 5705 1791 5786 Zaramby
