4458 6674
438 729 480 804 98
916 727 1009 775 ncta
1028 726 1151 776 IUDlCII
1170 727 1305 777 ECCLES.
1327 727 1513 778 PLOCENSlS

544 939 625 1002 Item
650 938 791 1000 absolvit
815 937 898 999 duos
929 949 984 1001 aut
1008 951 1075 1001 tres
1106 940 1137 1000 in
1163 941 1291 1002 casibus
1316 941 1377 1001 loci
1402 941 1565 1002 ordinario
1598 945 1770 1004 reservatis
1796 943 1913 1005 ibidem
1941 965 1991 1024 pa·

437 1045 609 1108 rochianos
634 1047 665 1107 in
689 1045 899 1108 Radzikowo

542 1153 623 1214 Item
649 1153 737 1232 quod
768 1153 799 1212 in
824 1153 961 1214 ecclesia
984 1153 1103 1214 ibidem
1140 1156 1170 1214 in
1197 1153 1397 1215 Radzilrowo
1422 1153 1633 1216 claudebatur
1666 1176 1739 1217 cum
1764 1158 1903 1237 quadam
1929 1177 1993 1216 mu-

438 1261 514 1321 liere
539 1257 623 1322 dicta
649 1257 845 1321 Thorunslra
878 1270 910 1321 et
935 1260 1053 1320 ibidem
1078 1271 1191 1322 mutuo
1222 1261 1468 1340 permanebant,
1501 1264 1650 1331 nescitur,
1683 1265 1758 1341 quid
1784 1265 1991 1342 speculando.

436 1365 510 1447 Que
535 1369 642 1428 omnia
668 1365 813 1446 prelatus
838 1365 1002 1444 Clonycza
1027 1369 1172 1448 negavit;
1206 1367 1349 1446 prelatus
1374 1368 1456 1428 dnus
1481 1369 1691 1450 Rippinensis
1720 1371 1913 1432 castellanus
1937 1373 1991 1432 ob·

436 1475 509 1536 tulit
533 1495 568 1535 se
594 1475 838 1552 probaturum..
1589 1455 1591 1460 ⁸

543 1581 623 1641 Item
649 1601 709 1660 pro
734 1580 849 1658 lapide.
874 1599 970 1660 quem
998 1578 1196 1642 deecclesia
1221 1584 1251 1640 in
1277 1580 1417 1660 Choyno
1441 1584 1566 1662 recepit
1591 1585 1710 1642 valoris
1734 1583 1745 1642 l
1772 1603 1890 1661 marce;
1915 1585 1990 1645 obli·

435 1689 525 1768 gavit
550 1708 586 1749 se
610 1688 833 1748 restituturum
859 1687 919 1747 sub
943 1688 1088 1748 censuris
1113 1689 1349 1749 ecclesiasticis

545 1795 625 1855 ltem
652 1792 806 1854 Nicolaus
830 1793 1026 1856 castellanus
1050 1795 1195 1873 prelatus
1220 1805 1334 1855 contra
1358 1793 1496 1855 eundern
1514 1795 1678 1874 Clonycza
1697 1798 1876 1876 proposuit.
1902 1798 1989 1876 quod

436 1900 687 1982 Sigismundum,
712 1899 924 1961 icmethonem
949 1921 1040 1962 suum
1074 1903 1104 1961 in
1130 1899 1279 1980 Cboyno,
1305 1902 1374 1962 sine
1398 1902 1505 1982 aliqua
1529 1921 1658 1964 causa..
1683 1905 1782 1982 virgis
1799 1905 1990 1982 percussit..

439 2011 571 2089 negavit
595 2007 789 2089 presbiter..

542 2113 622 2177 ltem
648 2125 760 2176 contra
785 2113 924 2174 eundem
949 2115 1120 2194 proposuit
1145 2115 1255 2186 verbu,
1280 2115 1367 2195 quod
1393 2117 1467 2175 dum
1491 2114 1602 2176 luisset
1628 2119 1657 2176 in
1686 2114 1821 2176 Ploczka
1847 2117 1989 2198 prelatus

436 2223 518 2283 dnus
542 2222 736 2284 castellanus
761 2231 794 2282 et
811 2220 1038 2301 querelabatur
1062 2242 1171 2281 coram
1196 2221 1349 2302 petreis),
1375 2223 1462 2302 quod
1487 2243 1558 2283 eum
1584 2223 1626 2283 ab
1649 2224 1768 2283 iniuriis
1793 2243 1830 2284 ac
1855 2225 1989 2284 insolen-

436 2331 491 2390 ciis
509 2339 742 2408 compesceret,
768 2329 899 2390 tandem
917 2329 987 2408 ipse
1004 2325 1184 2389 Stanislaus
1203 2328 1371 2408 Kionycza
1382 2379 1404 2390 ..
1421 2331 1526 2408 ipsum
1546 2331 1660 2392 invasit
1677 2331 1785 2392 verbis
1802 2329 1988 2400 inhonestis,

434 2455 583 2497 asserens
607 2438 712 2514 ipsum
744 2436 954 2514 deceptorem
987 2446 1020 2496 et
1044 2435 1163 2496 malurn
1195 2435 1366 2507 bominem,
1399 2439 1563 2498 extimans
1586 2435 1751 2498 infamiam
1783 2447 1816 2498 et
1842 2438 1987 2498 iniuriam

435 2541 475 2602 ad
500 2542 534 2603 M
559 2543 734 2604 florenos..

541 2649 622 2711 Item
647 2651 748 2710 eciam
781 2649 951 2730 proposuit
983 2659 1098 2710 contra
1129 2651 1282 2718 eundern,
1318 2652 1406 2730 quod
1439 2651 1500 2712 sub
1524 2653 1592 2712 eius
1616 2651 1764 2713 custodia
1797 2650 1933 2712 ecclesie
1957 2653 1986 2712 iu

435 2757 575 2836 Cboyno
600 2757 706 2816 ablate
730 2767 804 2818 sunt
829 2756 965 2836 pecunie
989 2756 1031 2818 de
1056 2755 1242 2817 thezauro..

650 2948 689 3010 Α.
720 2961 810 3028 1503,
836 2947 978 3030 Augusti
1004 2963 1054 3028 25,
1078 2949 1109 3010 in
1134 2949 1310 3012 Visslrowo
1334 2952 1365 3009 in
1391 2952 1477 3012 curia
1501 2949 1686 3030 episcopali.

546 3069 634 3138 235.
659 3072 756 3154 (Acta
780 3074 878 3153 episc.
898 3073 1002 3152 Vlll..
1027 3072 1150 3134 Honor.
1169 3073 1322 3135 Nicolaus
1347 3073 1553 3144 Strozewslci,
1579 3075 1736 3155 plebanus
1761 3077 1791 3135 in
1818 3075 1984 3137 Barczicze

439 3187 539 3246 citato
563 3183 726 3244 laborioso
758 3182 919 3242 advocato
951 3181 991 3242 de
1016 3180 1273 3261 Slomyanlcya..
1299 3192 1410 3242 contra
1435 3184 1540 3262 ipsum
1565 3183 1665 3243 verbo
1690 3185 1874 3262 proposuit,
1899 3183 1985 3263 quod

435 3291 509 3352 licet
532 3292 599 3351 iure
624 3299 751 3350 cautum
777 3290 818 3350 sit
842 3290 872 3348 in
899 3289 1029 3349 statutis
1055 3287 1305 3366 provincialibus
1329 3291 1370 3350 de
1394 3289 1527 3350 decimis
1551 3289 1582 3350 in
1606 3309 1773 3370 regnoque
1798 3289 1930 3350 Polonie
1954 3301 1986 3352 et

434 3398 603 3461 ducatibus
628 3397 775 3457 Mazovie
800 3393 988 3474 diocesique
1013 3394 1158 3456 Plocensi
1183 3395 1304 3455 dudum
1338 3406 1370 3456 et
1395 3415 1437 3456 ex
1462 3397 1595 3476 antiquo
1623 3406 1746 3457 tentum
1780 3407 1812 3458 et
1836 3397 1987 3458 observa·

432 3516 508 3578 turn.
534 3505 623 3584 quod
639 3523 754 3564 omnes
778 3513 811 3564 et
830 3501 944 3580 singuli
968 3503 1128 3570 advocati,
1153 3503 1372 3582 cuiuscunque
1397 3513 1502 3564 status
1528 3515 1560 3562 et
1578 3503 1780 3564 condicionis
1804 3502 1930 3572 luerint.
1954 3506 1985 3564 in

432 3611 599 3672 solucione
623 3611 819 3671 decimarum
844 3611 949 3668 omnis
974 3603 1089 3691 lgrarril
1115 3619 1146 3668 et
1171 3611 1301 3669 seminis
1325 3629 1362 3668 ac
1378 3611 1480 3670 eciam
1505 3611 1621 3688 canapi
1647 3629 1741 3688 pares
1766 3631 1838 3671 esse
1856 3609 1986 3678 debent,

432 3729 530 3800 prout
562 3717 751 3779 universitas
783 3715 857 3776 ville
889 3713 944 3776 dat
977 3727 1009 3776 et
1034 3713 1130 3776 solvit
1162 3715 1335 3791 decirnanr;
1371 3715 1594 3776 nichilominus
1631 3715 1773 3795 prelatus
1809 3717 1986 3777 advocatus

432 3827 600 3886 immemor
631 3823 744 3885 salutis
775 3842 832 3883 sue
857 3823 1003 3883 existens
1036 3833 1068 3884 et
1100 3824 1131 3883 in
1157 3823 1365 3902 preiudicium
1399 3821 1513 3901 prelati
1546 3822 1676 3900 plebani
1710 3834 1743 3884 et
1768 3823 1904 3883 ecclesie
1928 3843 1985 3884 sue

432 3953 495 3994 non
521 3931 682 3992 modicum
715 3929 875 3990 decimam
899 3929 1131 4007 manipularem
1164 3931 1269 3990 omnis
1293 3931 1384 4020 grani
1414 3938 1447 3990 et
1472 3929 1602 3990 seminis
1627 3951 1669 3990 ex
1693 3929 1719 3990 ll
1745 3929 1865 3990 mansis
1890 3931 1986 3990 advo·

431 4041 518 4100 caele
544 4035 679 4116 prefate,
703 4047 738 4097 ut
764 4045 797 4096 et
814 4045 969 4115 tanquam
997 4033 1193 4096 lcmethones
1217 4034 1291 4095 ville
1316 4035 1460 4114 predicte
1484 4033 1717 4115 Szomyanlcya
1743 4036 1807 4102 dat,
1833 4035 1930 4098 solvit
1954 4049 1985 4097 et

431 4145 590 4218 conducit,
616 4144 673 4204 sed
690 4142 848 4203 decimam
874 4142 989 4220 canapi
1014 4161 1104 4201 more
1122 4141 1256 4202 aliorum
1281 4139 1494 4203 kmetlronum
1520 4143 1550 4202 in
1570 4143 1715 4221 predicta
1731 4143 1804 4204 villa
1829 4142 1870 4203 ab
1886 4144 1985 4216 anniS,

431 4253 548 4335 quibus
571 4252 642 4330 ipse
667 4250 824 4330 plebanus
850 4249 892 4310 ad
909 4248 1079 4309 ecclesiam
1106 4249 1263 4328 prelatam
1289 4260 1339 4310 est
1357 4251 1529 4323 institutus,
1554 4250 1632 4310 dare
1657 4260 1689 4310 et
1706 4247 1831 4309 solvere
1849 4261 1984 4322 recusat,

431 4361 592 4422 extimans
616 4358 767 4417 damnum
793 4355 852 4416 sibi
886 4364 919 4416 et
943 4356 1078 4416 ecclesie
1103 4375 1160 4416 sue
1185 4357 1308 4416 illatum
1340 4355 1380 4418 ad
1406 4356 1417 4416 l
1443 4375 1583 4417 marcam
1610 4353 1834 4428 Polonicalem,
1869 4367 1984 4435 petens

429 4469 520 4527 iuxta
545 4462 745 4545 privilegium
770 4463 873 4523 tocius
898 4463 1062 4542 provincie
1087 4460 1288 4523 Goeznensis
1321 4481 1358 4524 ac
1383 4467 1583 4523 ereccionem
1609 4483 1665 4524 sue
1689 4461 1825 4524 ecclesie
1857 4463 1886 4523 in
1912 4462 1985 4523 Bar·

429 4575 540 4646 czicze,
565 4574 670 4650 ipsum
695 4571 890 4631 advocatum
917 4569 948 4629 in
973 4570 1082 4647 petitis
1107 4570 1317 4630 condemnari
1341 4579 1376 4630 et
1399 4569 1441 4630 ad
1466 4567 1665 4630 solucionem
1691 4578 1757 4630 tam
1784 4579 1984 4631 retentorum

430 4699 526 4760 quam
552 4680 654 4739 eciam
678 4677 789 4756 inpost
814 4675 1043 4736 solvendorum
1068 4677 1142 4756 cogi
1159 4689 1191 4736 et
1209 4675 1394 4754 compelli..
1419 4675 1471 4737 Ex
1488 4677 1628 4736 adverso
1646 4675 1789 4756 prefatus
1806 4677 1985 4739 advocatus

429 4788 559 4848 nomine
584 4805 643 4846 suo
668 4785 749 4846 dixit
773 4804 808 4844 se
832 4785 880 4844 ius
904 4781 1025 4842 habere
1050 4793 1082 4843 et
1107 4781 1146 4843 ad
1172 4784 1372 4844 solucionem
1398 4781 1597 4862 canapalium
1624 4803 1683 4862 per
1707 4781 1881 4862 plebanum
1906 4784 1985 4864 peti·

430 4905 536 4954 torum
561 4913 625 4952 non
650 4892 762 4962 teneri,
791 4890 879 4969 quod
904 4892 952 4950 ius
976 4909 1032 4950 seu
1059 4891 1259 4968 privilegium
1285 4891 1475 4952 iudicialiter
1498 4891 1653 4958 exhibuit,
1687 4901 1803 4968 petens
1828 4909 1862 4950 se
1887 4891 1918 4950 in
1943 4891 1984 4949 iu·

428 5001 519 5061 sticia
543 5000 737 5060 conservari.
762 4997 898 5058 Nicolao
923 4996 1064 5076 plebano
1082 4998 1183 5057 eciam
1201 4997 1363 5077 allegante
1388 4998 1590 5058 erecciouem
1616 4997 1751 5058 ecclesie
1769 5017 1826 5057 sue
1843 4997 1982 5076 priorem

428 5125 622 5186 essequam
649 5103 851 5185 privilegium
884 5102 1019 5184 predicti
1050 5103 1214 5178 advocati,
1247 5106 1336 5165 cuius
1360 5107 1462 5166 eciam
1487 5105 1648 5184 copiam..
1675 5103 1834 5174 exhibuit,
1867 5113 1984 5184 petens

427 5215 528 5274 eciam
562 5212 620 5273 sibi
645 5212 802 5274 iusticiam
830 5207 906 5271 fieri.
947 5209 989 5270 Et
1014 5209 1117 5270 Rmus
1149 5211 1264 5271 dnus..
1299 5212 1442 5272 decrevit
1474 5211 1579 5290 ipsum
1612 5221 1645 5270 et
1669 5228 1874 5270 successores
1906 5229 1983 5271 suos

426 5321 603 5380 advocatos
636 5339 696 5399 pro
729 5329 877 5397 tempore
910 5318 1090 5377 existentes
1123 5316 1251 5396 prelato
1281 5317 1420 5396 plebano
1454 5337 1491 5376 ac
1519 5320 1621 5378 eciam
1650 5318 1715 5376 suis
1743 5317 1984 5377 successoribus

427 5427 605 5507 predictam
631 5427 789 5486 decimam
815 5424 867 5484 lini
892 5445 933 5485 ex
959 5423 1093 5501 prelatis
1118 5424 1143 5483 ll
1169 5427 1289 5484 mansis
1314 5425 1487 5486 advocacie
1513 5427 1543 5484 in
1569 5423 1800 5503 Szomyanlcya
1825 5435 1983 5504 perpetue

425 5534 553 5594 solvere
577 5532 806 5593 ecclesiasticis
830 5531 890 5590 sub
915 5531 1059 5591 censuris
1083 5529 1390 5610 absolucionemque
1423 5551 1442 5590 a
1466 5530 1632 5591 solucione
1663 5529 1821 5590 dictorum
1847 5549 1984 5610 canapa-

426 5639 501 5700 lium
534 5641 564 5700 in
590 5637 758 5719 privilegio
791 5637 940 5698 advocati
972 5647 1160 5698 contentam
1193 5638 1311 5698 nullam
1337 5657 1408 5697 esse
1443 5657 1549 5717 neque
1581 5635 1702 5697 viribus
1733 5637 1908 5698 subsistere
1932 5637 1984 5696 de·

427 5747 561 5809 crevit..
