4458 6674
928 673 1018 724 ANNI
1036 672 1115 728 1502.
1756 679 1795 758 85

670 767 944 774 ————
964 767 1066 772 --——
1083 767 1512 776 .—-·-—--—--—-—.-—....-.-.-
1526 768 1796 776 ——-———-

244 887 324 952 duas
347 907 464 966 avene;
494 888 572 952 item
597 886 678 952 alter
701 887 840 951 Iacobus
863 889 905 952 de
929 888 1049 952 ibidem
1073 911 1210 952 unacum
1236 901 1390 954 consorte
1413 911 1471 954 sua
1495 890 1652 969 similiter;
1681 890 1798 953 nobilis

244 995 406 1061 Iohannes
430 995 591 1058 Zaleivslri
615 995 655 1056 de
679 994 798 1058 ibidem
823 995 931 1059 solvet
953 1017 1026 1058 cum
1052 997 1120 1060 aliis
1144 998 1305 1060 nobilibus
1329 999 1370 1062 de
1394 999 1541 1080 predicta
1565 1001 1711 1067 Brzorze.
1745 1001 1799 1080 qui

244 1115 319 1168 sunt
342 1103 540 1186 obligatorii;
573 1105 650 1166 item
675 1105 792 1168 nobilis
816 1103 958 1168 Mathias
983 1106 1149 1188 Ligowski
1174 1107 1214 1168 de
1238 1105 1433 1168 Nadruwslri
1464 1105 1609 1170 similiter
1632 1127 1705 1170 cum
1730 1109 1800 1172 aliis

244 1211 406 1276 nobilibus
429 1209 471 1272 de
494 1211 614 1274 ibidem
647 1221 680 1274 et
705 1232 913 1276 successores
937 1211 1078 1290 illorum;
1109 1214 1186 1275 item
1210 1214 1327 1276 nobilis
1351 1213 1513 1276 lohannes
1536 1214 1577 1277 de
1602 1214 1799 1290 Piskorzino,

244 1318 448 1400 Kossyroski
473 1317 643 1380 Abraham
668 1339 741 1382 cum
758 1318 828 1382 aliis
844 1320 1006 1382 nobilibus
1029 1320 1071 1383 de
1086 1319 1206 1382 ibidem
1232 1329 1265 1382 et
1282 1340 1489 1384 successores
1505 1319 1631 1384 illorum
1649 1323 1800 1402 totidem;

245 1427 321 1490 item
347 1425 474 1488 nobiles
498 1427 539 1488 de
555 1424 762 1507 Borzemyno
786 1447 901 1488 omnes
925 1429 1027 1488 eciam
1052 1447 1124 1488 cum
1143 1427 1303 1490 nobilibus
1327 1427 1477 1490 omnibus
1500 1427 1543 1491 de
1559 1427 1701 1510 Pynyno
1718 1431 1799 1491 simi-

246 1535 317 1596 liter
333 1554 391 1614 per
407 1532 451 1595 III
468 1553 637 1596 mensuras
661 1534 795 1616 siliginis
815 1543 849 1596 et
866 1533 895 1596 ll
911 1553 1014 1596 avene
1039 1535 1182 1615 plebano
1208 1545 1366 1614 perpetue
1392 1535 1647 1616 respondebunt,
1671 1535 1799 1617 aliaque

246 1644 316 1722 ipse
341 1640 507 1720 plebanus,
532 1649 566 1703 et
589 1640 642 1702 alii
667 1661 727 1722 pro
750 1650 899 1722 tempore
923 1643 1111 1718 existentes
1136 1643 1261 1705 tenebit
1286 1641 1476 1722 ethabebit,
1501 1653 1597 1723 prout
1622 1641 1741 1704 dudum
1767 1655 1800 1705 et

246 1769 288 1812 ex
311 1749 446 1828 antiquo
470 1745 665 1822 oblaciones,
699 1747 874 1820 oliertoria,
906 1749 1076 1812 colandam
1109 1761 1142 1812 et
1176 1749 1256 1812 alios
1288 1769 1502 1830 quoscunque
1533 1761 1713 1829 proventus
1739 1753 1800 1832 ipsi

246 1855 375 1938 plebani
398 1853 565 1916 habebant
589 1865 623 1918 et
647 1856 835 1934 utebantur;
866 1858 943 1918 item
968 1855 1045 1920 Zale
1078 1855 1212 1920 ecclesia
1245 1857 1371 1938 prelata
1403 1856 1494 1920 villas
1526 1857 1593 1919 iure
1625 1857 1799 1936 parochiali

246 1964 404 2044 ascriptas
421 1961 529 2036 habet,
554 1959 716 2026 videlicet:
735 1962 820 2033 Zale,
843 1964 989 2038 Braorze,
1005 1962 1215 2045 Piskorayno,
1233 1963 1368 2045 Balyno,
1385 1964 1603 2047 Borzymyno,
1620 1963 1800 2038 Nadrosch,

241 2070 398 2151 ⁴Pynyno;
423 2080 582 2150 patronus
606 2071 756 2132 dominus
782 2089 954 2151 possessor
978 2070 1052 2133 ville
1075 2081 1109 2134 et
1133 2074 1179 2134 sui
1206 2091 1421 2135 successores,

352 2175 379 2238 C
388 2176 538 2257 boyno,
564 2177 605 2238 ad
630 2177 789 2257 prefatam
816 2178 986 2240 ecclesiam
1011 2178 1094 2242 dnus
1119 2180 1304 2262 Episcopus
1328 2180 1477 2242 limitavit
1502 2177 1801 2242 Chrosthlrowo-

247 2284 392 2346 Ecclesia
417 2286 448 2345 in
474 2281 615 2364 Choyno
639 2285 722 2348 tituli
754 2305 778 2346 s.
803 2283 965 2359 Stanislai,
997 2289 1086 2348 cuius
1110 2285 1246 2348 collator
1271 2307 1327 2348 seu
1353 2296 1512 2367 patronus
1536 2297 1587 2349 est
1612 2287 1802 2369 magnificus

246 2394 331 2456 dnus
362 2389 517 2452 Nicolaus
548 2391 588 2452 de
620 2391 831 2468 Radzilrowo,
867 2395 1063 2456 castellanus
1098 2393 1319 2475 Rippinensis,
1352 2415 1424 2456 cum
1457 2395 1523 2456 suis
1547 2395 1799 2458 successoribus:

246 2501 351 2581 primo
383 2499 453 2579 ipse
478 2498 634 2578 obligavit
665 2519 701 2562 se
725 2521 823 2580 agros
847 2503 1019 2564 sanctuarii
1050 2501 1214 2580 libertare;
1245 2504 1323 2564 item
1355 2502 1502 2583 prelatus
1533 2501 1616 2563 dnus
1648 2501 1803 2564 Nicolaus

247 2627 307 2686 pro
329 2606 402 2686 ipsa
417 2602 553 2668 ecclesia
577 2607 609 2666 in
629 2605 770 2686 Choyno
794 2629 892 2670 unum
918 2621 1045 2690 pratum
1070 2609 1173 2686 dedit;
1197 2611 1275 2671 item
1293 2610 1367 2672 ville
1384 2613 1452 2672 iure
1469 2607 1645 2690 parochiali
1661 2611 1802 2691 ascripte

246 2715 306 2776 hec
331 2725 418 2776 sunt:
442 2712 592 2792 Choyno,
618 2713 866 2798 Nowawyesch,
893 2715 1121 2790 Clamboczek,
1148 2717 1306 2788 Radinelr,
1331 2715 1558 2797 Stanyemyrz,
1583 2715 1700 2792 Obori;
1724 2719 1802 2780 item
1894 2789 1900 2798 ¹

247 2819 373 2892 nobiles
397 2841 440 2883 ex
464 2821 587 2884 eisdem
611 2820 694 2885 villis
718 2843 828 2886 coram
853 2824 986 2886 domino
1011 2833 1241 2905 comparentes
1272 2824 1457 2906 obligarunt
1481 2843 1517 2887 se
1548 2843 1620 2885 cum
1645 2827 1711 2886 suis
1735 2843 1803 2886 suc·

247 2927 431 2992 cessoribus
462 2947 522 3008 pro
546 2931 790 2992 sustentacione
816 2931 944 3010 plebani
976 2934 1009 2993 in
1034 2930 1151 2994 ibidem
1185 2951 1223 2994 ac
1247 2953 1307 3013 pro
1331 2932 1501 2994 animabus
1525 2934 1591 2994 suis
1622 2942 1656 2994 et
1679 2949 1804 2994 succes·

247 3055 356 3098 sorum
380 3053 523 3098 suorum:
549 3037 655 3117 primo
679 3035 798 3100 nobilis
823 3036 985 3101 Iohannes
1009 3039 1049 3100 de
1074 3037 1315 3120 Nowawyesch
1340 3041 1382 3101 de
1398 3041 1485 3118 agris
1501 3042 1568 3101 suis
1591 3039 1619 3101 ll
1637 3057 1803 3100 mensuras

248 3141 381 3224 siliginis
404 3153 437 3205 et
460 3143 592 3204 terciam
617 3163 735 3222 avene;
766 3145 884 3208 nobilis
908 3143 1023 3208 Simon
1047 3145 1247 3234 Lochoczlry
1272 3151 1312 3208 de
1338 3145 1556 3209 Clamboczek
1580 3146 1612 3208 V
1635 3165 1804 3208 mensuras

248 3249 381 3331 siliginis
412 3259 445 3312 et
469 3249 502 3312 V
526 3271 629 3313 avene
661 3251 702 3313 de
725 3253 811 3334 angs
843 3254 922 3330 suis;
956 3253 1032 3314 item
1065 3253 1191 3316 nobiles
1223 3254 1263 3316 de
1288 3252 1452 3334 Radynelr
1482 3273 1540 3334 per
1564 3253 1593 3316 Il
1627 3273 1803 3326 mensuras

249 3377 343 3420 unam
368 3355 501 3438 siliginis
532 3367 565 3420 et
589 3359 723 3421 alteram
748 3379 852 3422 avene
877 3380 949 3422 cum
974 3362 1108 3423 decimis
1141 3381 1200 3440 per
1223 3362 1509 3439 supranominatos
1534 3359 1658 3422 nobiles
1685 3379 1728 3422 ex
1751 3377 1805 3422 an-

248 3466 339 3544 tiquo
364 3462 504 3544 plebano
528 3485 565 3528 ac
589 3465 735 3540 celanda,
760 3466 984 3530 oblacionibus
1008 3466 1090 3530 solvi
1114 3468 1217 3530 solitis
1241 3478 1274 3530 et
1290 3469 1455 3530 consuetis
1479 3467 1606 3530 solvent
1622 3479 1656 3530 et
1672 3487 1805 3547 respon·

249 3571 379 3634 debunt.
420 3571 502 3634 Item
529 3572 631 3634 Rmus
656 3574 737 3636 dnus
762 3575 946 3655 Episcopus
970 3574 1140 3638 ecclesiam
1165 3575 1381 3656 parochialem
1407 3577 1439 3636 in
1464 3573 1707 3638 Chrosthlrowo
1731 3593 1802 3635 cum

249 3677 331 3740 villis
355 3679 415 3759 ipsi
440 3681 507 3740 iure
533 3679 709 3758 parochiali
740 3683 891 3761 ascriptis
923 3681 1072 3744 limitavit
1105 3692 1138 3744 et
1161 3684 1383 3764 incorporavit
1414 3681 1549 3746 ecclesie
1574 3679 1748 3762 parochiali
1772 3684 1804 3743 in

251 3783 391 3866 Choyno
415 3795 574 3866 perpetue
598 3798 631 3849 et
648 3791 680 3850 in
697 3809 791 3852 evum
816 3809 888 3850 cum
913 3788 995 3852 villis
1019 3788 1171 3856 videlicet
1195 3789 1339 3870 prelatis,
1364 3788 1527 3854 videlicet:
1552 3787 1803 3863 Chrosthlrowo,

250 3890 407 3973 Vythhro,
439 3891 613 3966 Lubowcz,
644 3915 682 3957 ac
705 3895 850 3958 eiusdem
875 3897 1011 3958 ecclesie
1036 3899 1227 3965 sanctuario,
1262 3897 1315 3976 qui
1338 3895 1488 3958 homines
1512 3917 1552 3958 ex
1576 3897 1699 3958 eisdem
1723 3894 1805 3958 villiS

223 3995 227 4006 ’
250 4019 310 4079 pro
334 3999 502 4062 audiendis
525 4000 640 4064 divinis
664 4011 697 4064 et
721 4003 950 4066 ecclesiasticis
975 4004 1189 4084 percipiendis
1215 4003 1426 4066 sacramentis
1454 4005 1495 4066 ad
1519 4002 1681 4084 prefatam
1706 4003 1805 4064 eccle·

250 4107 330 4168 siam
362 4107 392 4168 in
418 4104 559 4188 Choyno
590 4109 747 4172 accedent
778 4120 811 4171 et
836 4129 967 4172 suorum
1000 4109 1063 4194 illic
1087 4109 1247 4172 tumulent
1279 4131 1418 4192 corpora
1450 4109 1691 4188 defunctorum;
1726 4110 1804 4172 item

252 4213 378 4276 nobiles
394 4213 581 4277 Waskones
605 4216 669 4278 duo
686 4217 833 4296 germani
858 4237 916 4297 per
932 4216 976 4278 III
1001 4237 1169 4278 mensuras
1193 4215 1327 4297 siliginis
1352 4227 1385 4278 et
1409 4218 1542 4279 alteram
1567 4237 1670 4279 avene
1695 4227 1805 4297 preter

252 4319 392 4382 nobilem
418 4319 594 4395 Sassinum,
626 4325 680 4404 qui
705 4324 732 4386 ll
757 4345 925 4388 mensuras
948 4323 1082 4404 siliginis
1113 4334 1147 4386 et
1171 4344 1266 4385 unam
1292 4343 1394 4386 avene
1419 4323 1525 4387 solvet
1549 4343 1622 4386 cum
1647 4325 1714 4386 suis
1737 4343 1805 4385 suc·

251 4427 442 4490 cessoribus.
482 4429 565 4490 Item
590 4429 706 4494 nobilis
730 4431 793 4494 dna
817 4432 861 4496 M.
886 4433 927 4496 de
951 4429 1194 4494 Chrosthlrowo
1218 4431 1261 4492 lll
1287 4451 1453 4494 mensuras
1485 4431 1619 4510 siliginis
1651 4441 1684 4492 et
1709 4449 1805 4492 unam

251 4555 354 4598 avene
378 4533 520 4616 plebano
545 4548 703 4618 perpetue
727 4559 799 4602 cum
817 4538 1058 4602 successoribus
1081 4539 1147 4602 suis
1171 4539 1307 4600 solvent.
1331 4539 1413 4601 Item
1440 4537 1556 4600 nobilis
1580 4536 1742 4600 Iohannes
1765 4538 1806 4598 de

251 4641 417 4704 Lubowcz
441 4662 513 4704 cum
538 4641 607 4706 aliis
631 4646 792 4708 nobilibus
816 4647 857 4708 de
881 4645 999 4708 ibidem
1024 4645 1160 4726 quilibet
1183 4645 1310 4708 illorum
1336 4665 1394 4724 per
1418 4665 1453 4708 se
1482 4665 1523 4708 ex
1548 4645 1633 4726 agris
1658 4643 1805 4728 suis,sol·

252 4761 328 4812 vent
351 4750 367 4812 1
390 4769 575 4812 mensuram
599 4751 732 4834 siliginis
756 4763 789 4816 et
813 4753 948 4815 alteram
973 4773 1075 4815 avene
1099 4763 1210 4831 preter
1234 4752 1377 4814 decimas
1402 4773 1460 4833 per
1484 4755 1574 4833 ipsos
1598 4749 1740 4831 plebano
1763 4771 1806 4814 ex

253 4857 387 4937 antiquo
419 4857 501 4920 solvi
525 4856 638 4921 solitas
670 4867 702 4922 et
726 4859 795 4922 aliis
820 4861 1043 4942 proventibus,
1074 4858 1210 4922 colenda
1242 4870 1275 4922 et
1298 4857 1531 4930 oblacionibus,
1563 4857 1651 4940 quod
1680 4857 1805 4921 solvere

253 4973 346 5026 erunt
370 4965 503 5028 astricti.

360 5069 526 5134 Dolsko
541 5105 583 5118 -
601 5071 729 5136 Dolsko
752 5072 888 5136 ecclesia
912 5071 1086 5140 desertata.
1111 5093 1154 5135 ex
1171 5073 1270 5137 fundo
1288 5072 1336 5134 lV
1353 5092 1486 5134 mansos
1506 5074 1678 5134 sanctuarii
1696 5070 1804 5139 habet.

253 5177 336 5242 tituli
360 5177 549 5242 Nativitatis
573 5180 607 5241 B.
632 5180 777 5262 Virginis
802 5181 910 5242 Marie.
950 5181 1031 5242 Item
1058 5179 1173 5242 nobilis
1198 5181 1280 5244 dnus
1313 5180 1473 5241 lohannes
1497 5179 1624 5258 Dolslry
1650 5187 1807 5258 patronus

207 5363 209 5366 Ι
254 5286 391 5350 ecclesie
415 5285 543 5367 prefate
568 5287 742 5350 inibidem
767 5308 865 5350 causa
889 5290 1062 5350 erectionis
1086 5289 1214 5351 noviter
1237 5287 1342 5350 fiende
1374 5307 1433 5369 per
1456 5296 1558 5349 totam
1584 5283 1691 5348 villam
1715 5303 1805 5346 suam

254 5392 380 5456 Dolsko
404 5391 666 5475 kmethonesque
697 5396 817 5458 ibidem
843 5395 1022 5458 residentes
1045 5408 1099 5474 sep
1123 5416 1214 5458 suam
1239 5396 1298 5457 sibi
1324 5415 1383 5475 per
1406 5392 1601 5454 kmethones
1630 5390 1710 5453 solvi
1735 5390 1807 5453 soli·

254 5511 329 5572 tam,
354 5499 565 5564 medietatem
589 5501 722 5583 siliginis
747 5512 780 5565 et
804 5503 1013 5566 medietatem
1038 5521 1149 5572 avene,
1180 5505 1301 5564 numeri
1327 5498 1557 5564 Pruthenicalis
1582 5498 1723 5578 plebano
1748 5493 1805 5582 [et]

255 5610 391 5672 ecclesie
414 5608 590 5690 parochiali
615 5611 646 5671 in
671 5610 797 5673 Dolsko
822 5620 980 5692 perpetue
1004 5610 1106 5687 dedit;
1131 5619 1164 5672 et
1189 5609 1335 5671 similiter
1359 5609 1392 5670 in
1416 5605 1595 5670 Sokolowo
1619 5626 1678 5686 per
1700 5614 1806 5668 totam

254 5717 363 5783 villam
395 5737 454 5806 per
478 5716 675 5782 lrmethones
705 5739 724 5782 a
749 5716 894 5800 quolibet
925 5717 1051 5782 illorum
1084 5737 1157 5778 cum
1189 5715 1328 5780 colanda
1358 5723 1391 5781 et
1422 5715 1491 5778 aliis
1521 5712 1746 5778 oblacionibus
1769 5732 1806 5776 ac
