4392 6672
922 678 1012 728 ANNI
1032 676 1109 732 1473.
1743 699 1784 760 41

859 770 955 776 ——-—-
1309 772 1476 780 ---—--—-
1481 772 1787 780 ——ss-——W

347 883 432 954 ll0.
456 887 637 968 (Ibidem)..
669 887 830 952 Plebanus
861 889 1006 970 prefatus
1036 891 1078 952 de
1110 891 1252 952 Dobrzin
1278 903 1392 954 contra
1420 893 1566 973 prelatos
1590 894 1788 973 presbiteros

236 993 439 1071 Stanislaum,
478 996 632 1058 lacobum
664 1009 697 1058 et
728 994 896 1060 Simonem
931 1000 1111 1079 proposuit,
1148 999 1236 1078 quod
1272 1010 1436 1062 morantes
1469 1001 1497 1060 in
1532 999 1672 1062 Dobrzin
1704 1004 1789 1064 circa

237 1103 406 1165 ecclesiam
430 1123 520 1166 suam
546 1123 618 1164 cum
643 1104 731 1166 laicis
754 1105 944 1167 incedentes
968 1125 1026 1185 per
1050 1105 1187 1185 angulos
1211 1107 1343 1168 irrident
1368 1126 1442 1168 eum
1467 1127 1526 1168 nec
1550 1105 1592 1170 illi
1608 1107 1654 1170 uti
1671 1109 1788 1170 rectori

235 1210 371 1272 ecclesie
395 1209 560 1283 obediunt,
593 1230 697 1290 neque
721 1220 756 1272 ut
781 1210 951 1291 presbiteri
976 1212 1005 1272 in
1030 1211 1243 1292 superpiliciis
1267 1232 1378 1274 eorum
1406 1214 1438 1274 in
1462 1213 1632 1276 ecclesiam
1660 1214 1788 1288 intrant,

237 1315 393 1380 facientes
416 1318 447 1378 in
472 1315 657 1378 scandalum
682 1336 812 1378 suorum
837 1315 1115 1397 parochianorum.
1139 1317 1243 1378 Rmus
1267 1320 1350 1380 dnus
1373 1294 1506 1382 Electus
1530 1320 1676 1400 precepit
1695 1321 1789 1383 dictis

237 1424 434 1505 presbiteris,
458 1425 609 1504 quatinus
634 1422 831 1506 peramplius
856 1435 889 1486 et
913 1423 953 1484 de
977 1435 1088 1486 cetero
1113 1425 1253 1505 plebano
1278 1426 1500 1488 obedienciam
1521 1438 1555 1490 et
1570 1429 1788 1490 reverenciam

237 1529 414 1594 exhibeant
438 1541 471 1594 et
494 1533 525 1591 in
550 1529 764 1612 superpiliciis
788 1529 957 1592 ecclesiam
982 1533 1102 1593 intrent
1119 1529 1159 1593 ¹et
1184 1532 1214 1593 in
1242 1533 1430 1595 solennibus
1462 1534 1585 1608 diebus,
1617 1535 1691 1596 dum
1724 1535 1788 1616 ple·

236 1639 339 1700 banus
374 1657 529 1720 vesperas
564 1639 740 1700 intonuerit
771 1657 966 1717 versumque
996 1649 1028 1700 et
1060 1639 1234 1719 capitulum
1267 1639 1499 1720 decantaverit,
1530 1651 1652 1703 extunc
1682 1650 1789 1703 astare

236 1744 341 1808 eidem
366 1744 507 1824 plebano
530 1744 697 1806 debebunt
714 1763 772 1823 pro
796 1747 981 1808 reverencia
997 1745 1108 1806 maiori
1126 1745 1230 1807 cultus
1247 1745 1343 1808 divini
1360 1757 1393 1806 et
1409 1748 1441 1807 in
1458 1746 1643 1827 exemplum
1661 1746 1790 1810 Christi·

238 1851 387 1914 fidelium.

449 2044 491 2108 A.
520 2059 611 2126 1473,
636 2044 790 2108 Octobris
820 2047 865 2118 18,
889 2045 920 2106 in
944 2041 1110 2107 Poltowsk
1135 2046 1166 2107 in
1190 2046 1276 2108 curia
1300 2047 1486 2127 episcopali.

346 2165 434 2234 lll.
458 2169 560 2249 (Acta
583 2173 681 2250 episc.
706 2169 792 2246 llll..
826 2167 975 2231 Preclaro
1007 2171 1153 2249 principe
1185 2169 1255 2230 dno'
1283 2169 1446 2232 Kazimiro
1472 2170 1510 2234 D.
1536 2192 1566 2252 g.
1591 2173 1696 2236 electo
1721 2174 1790 2236 Plo·

237 2278 324 2338 censi
348 2275 540 2340 confirmato
564 2276 648 2340 duce
671 2276 850 2339 Mazovie..
882 2296 940 2355 pro
964 2276 1114 2338 tribunali
1145 2277 1280 2338 sedente
1305 2279 1558 2357 circumspectus
1584 2279 1696 2342 Petrus
1720 2298 1791 2343 cau-

237 2403 343 2446 sarum
369 2383 549 2447 consistorii
582 2383 819 2446 Polthoviensis
851 2395 884 2446 et
911 2383 1108 2446 honorabilis
1133 2383 1255 2444 Mathie
1279 2385 1415 2445 rectoris
1439 2385 1574 2446 ecclesie
1599 2387 1792 2467 parochialis

236 2492 266 2551 in
291 2489 523 2553 Przewodowo
547 2499 771 2572 procurator..
800 2491 970 2570 proposuit
994 2500 1139 2552 contra..
1165 2489 1304 2554 nobilem
1338 2489 1499 2552 Thomam
1532 2493 1724 2556 advocatum
1749 2496 1791 2556 de

238 2594 416 2670 Cosslowo,
441 2597 608 2677 quomodo
635 2598 707 2676 ipse
739 2597 779 2658 de
811 2616 897 2658 anno
930 2599 1072 2676 presenti
1104 2597 1156 2658 die
1188 2597 1351 2658 dominico
1384 2599 1414 2657 in
1447 2597 1585 2661 ecclesia
1616 2599 1790 2680 parochiali

238 2703 393 2784 predicta,
426 2702 552 2783 prelato
576 2703 702 2765 Mathia
726 2702 867 2782 plebano
891 2704 922 2763 in
947 2704 1088 2765 ambone
1111 2703 1245 2764 verbum
1270 2701 1332 2764 Dei
1357 2704 1479 2784 populo
1505 2707 1669 2786 utriusque
1693 2727 1792 2769 sexus

237 2810 278 2872 ad
302 2809 408 2871 divina
432 2811 592 2873 audienda
615 2821 816 2893 congregato
839 2820 1054 2892 proponente,
1086 2811 1163 2872 dum
1192 2821 1224 2872 et
1249 2811 1380 2891 quando
1404 2813 1474 2891 ipse
1499 2812 1657 2891 plebanus
1681 2833 1723 2875 ex
1747 2813 1792 2874 ol·

237 2917 309 2979 ticio
334 2917 488 2998 pastorali
513 2917 573 2978 sibi
590 2917 733 2979 iniuncto
750 2918 944 2978 auctoritate
960 2917 1122 2978 ordinaria
1145 2919 1278 2996 cupiens
1306 2918 1428 2979 dictum
1452 2916 1612 2980 Thomam
1637 2929 1791 3000 tanquam

236 3043 333 3085 ovem
358 3033 518 3086 errantem
543 3043 619 3086 cure
642 3043 700 3085 sue
723 3024 895 3104 pastoralis
919 3023 1097 3086 subiectam
1121 3025 1162 3084 ad
1186 3023 1269 3086 ovile
1289 3025 1442 3085 reducere
1464 3025 1669 3102 dominicum,
1687 3029 1792 3107 ipsum

238 3153 297 3213 pro
321 3134 461 3213 quadam
487 3131 619 3194 muliere
635 3133 786 3194 maritata
802 3132 890 3193 dieta
906 3131 1092 3212 Masyurna‚
1116 3151 1212 3210 quarn
1230 3133 1332 3193 tenuit
1349 3133 1379 3191 in
1397 3133 1619 3204 concubinam,
1643 3136 1792 3213 quatinus

237 3240 372 3302 eandem
398 3239 458 3302 sub
483 3239 576 3320 penis
601 3240 977 3302 excommunicacionum
1002 3241 1187 3304 dimitteret.
1213 3239 1384 3300 salubriter
1407 3250 1440 3301 et
1466 3241 1517 3319 pie
1542 3241 1739 3303 admonebat
1760 3253 1792 3303 et

237 3347 410 3428 requisivit,
434 3347 505 3426 ipse
529 3366 607 3408 vero
630 3365 740 3408 coram
766 3346 969 3408 multitudine
993 3345 1104 3428 populi
1130 3365 1229 3408 sexus
1251 3348 1417 3426 utriusque
1434 3346 1616 3409 salubribus
1642 3349 1793 3409 monicio·

237 3453 331 3516 nibus
355 3454 420 3516 suis
444 3453 621 3526 renitendo,
648 3454 678 3513 in
703 3455 775 3534 ipsa
798 3453 936 3515 ecclesia
960 3455 1076 3514 timore
1101 3451 1161 3514 Dei
1186 3463 1220 3515 et
1244 3453 1404 3513 modestia
1428 3451 1569 3514 humana
1600 3455 1793 3535 postpositis

237 3563 268 3621 in
293 3561 470 3622 iniuriam..
496 3571 528 3623 et
551 3559 862 3622 dehonestacionem
886 3561 989 3638 ipsius
1013 3557 1136 3620 Mathie
1153 3559 1281 3640 plebani
1300 3579 1337 3620 ac
1354 3579 1530 3638 gravamen
1549 3581 1612 3622 non
1631 3561 1793 3621 modicum

238 3665 336 3730 alta..
361 3686 481 3730 voce..
506 3667 641 3749 protulit
666 3665 813 3747 dixitque
836 3669 866 3728 in
892 3667 953 3728 hee
978 3667 1078 3728 verba
1101 3665 1153 3728 vel
1185 3667 1230 3728 eis
1261 3669 1292 3726 in
1321 3665 1439 3728 effectu
1463 3668 1591 3728 similia:
1623 3666 1673 3728 Tu
1706 3669 1794 3729 solus

238 3794 273 3836 es
297 3775 397 3856 peior,
422 3793 520 3854 quam
544 3773 630 3836 dicta
655 3773 779 3840 mulier,
804 3784 838 3834 tu
862 3773 1044 3854 propinasti
1068 3775 1236 3836 cervisiam
1253 3792 1324 3833 cum
1343 3773 1484 3850 muliere,
1509 3793 1580 3835 cum
1603 3794 1666 3854 qua
1682 3786 1794 3836 contra

237 3879 444 3944 honestatem
468 3890 558 3943 tuam
583 3878 786 3949 cohabitasti,
805 3889 897 3943 —et
921 3879 983 3941 alia
1000 3879 1091 3959 plura
1116 3881 1267 3942 iniuriosa
1291 3891 1323 3941 et
1339 3878 1544 3942 infamatoria
1567 3880 1674 3944 verba.
1700 3901 1793 3960 prop·

237 3997 287 4050 ter
311 4009 375 4068 que
400 3988 543 4051 nondum
568 3987 733 4066 completo
757 3985 866 4048 ollicio
890 4006 965 4050 cure
991 3988 1163 4066 pastoralis
1186 3987 1228 4049 de
1252 3987 1392 4048 ambona
1417 3987 1587 4048 descendit
1611 3999 1643 4049 et
1667 4007 1686 4048 a
1710 4007 1796 4048 com·

238 4094 387 4174 plecione
410 4094 508 4156 olsrcii
532 4096 580 4156 sui
604 4095 753 4164 cessavit,
786 4092 871 4155 lacta
903 4113 1013 4155 coram
1047 4093 1157 4174 populi
1189 4091 1394 4155 multitudine
1427 4095 1683 4174 protestacione;
1714 4113 1795 4174 quas

238 4201 393 4275 iniuriam,
417 4201 583 4264 infamiam
609 4211 641 4263 et
665 4199 976 4263 dehonestacionem
1002 4201 1072 4281 ipse
1097 4202 1178 4262 dnus
1203 4199 1344 4261 Mathias
1368 4202 1538 4262 extimavit
1563 4213 1594 4262 et
1619 4199 1718 4261 modo
1742 4219 1795 4260 ex·

238 4310 331 4371 timat
355 4307 395 4369 ad
421 4308 447 4372 C
471 4307 539 4371 flor.
565 4305 709 4389 Hungar.
735 4310 803 4387 puri
830 4307 928 4370 auri..
953 4319 1103 4387 petens..
1127 4309 1231 4386 ipsum
1257 4309 1289 4367 in
1313 4307 1406 4367 dictis
1431 4305 1456 4367 C
1482 4306 1547 4369 lior.
1572 4308 1700 4369 racione
1726 4325 1795 4384 pre-

239 4415 409 4476 missorum
419 4463 443 4476 ..
467 4415 719 4495 condempnari.
733 4464 739 4475 .

451 4607 493 4670 A.
522 4623 612 4688 1473,
637 4606 835 4669 Novembris
864 4623 909 4682 12,
938 4609 969 4668 in
992 4605 1159 4670 Poltowsk
1184 4608 1215 4668 in
1240 4607 1325 4668 curia
1349 4607 1539 4687 episcopali.

349 4727 436 4797 112.
460 4731 561 4812 (Acta
583 4733 681 4812 episc.
705 4729 797 4810 ΙΙΙ).,
821 4729 979 4795 Testes
1004 4752 1064 4812 pro
1089 4741 1181 4813 parte
1205 4731 1328 4794 Mathie
1353 4733 1480 4812 plebani
1507 4733 1537 4792 in
1555 4731 1794 4804 Przewodowo,

237 4851 353 4903 contra
376 4839 517 4902 nobilem
542 4837 704 4900 Thomam
730 4837 924 4901 advocatum
948 4838 989 4900 de
1013 4837 1166 4901 Coslowo
1190 4837 1345 4901 inducti..
1372 4848 1438 4901 et..
1463 4839 1650 4900 examinati:

345 4947 508 5010 Primus
532 4945 626 5008 testis
650 4944 809 5008 discretus
838 4944 961 5007 Zemak
992 4945 1128 5007 vicarius
1151 4947 1181 5006 in
1208 4944 1438 5007 Przewodowo
1461 4945 1596 5006 nacione
1622 4957 1730 5006 tamen
1756 4945 1795 5005 de

239 5052 374 5135 Cansze,
399 5073 463 5115 non
481 5054 748 5134 consanguineus
774 5053 849 5132 quia
864 5051 1013 5114 nobilis..
1037 5053 1265 5133 interrogatus
1289 5049 1366 5132 quid
1383 5052 1442 5112 sibi
1461 5061 1626 5113 constaret
1643 5051 1683 5112 de
1701 5071 1797 5112 causa

238 5162 321 5222 inter
344 5159 502 5222 Mathiam
519 5157 692 5240 plebanum
710 5160 750 5222 de
768 5158 996 5221 Przewodowo
1021 5169 1054 5221 et
1070 5159 1232 5220 Thomam
1257 5159 1450 5221 advocatum
1476 5159 1517 5220 de
1536 5157 1698 5228 Coslowo,
1716 5159 1796 5220 dixit

239 5266 299 5328 sibi
323 5277 483 5340 constare,
508 5285 639 5328 causam
664 5265 813 5339 reddens,
838 5269 913 5346 quia
937 5265 994 5328 luit
1018 5268 1049 5328 in
1066 5267 1204 5328 ecclesia
1225 5287 1368 5346 presens,
1393 5269 1467 5345 quia
1491 5266 1627 5328 vicarius
1652 5265 1794 5327 eiusdem

239 5373 385 5444 ecclesie,
401 5408 445 5416 —
462 5373 628 5453 quomodo
654 5392 717 5433 uno
742 5371 792 5433 die
809 5372 975 5435 dominico
999 5372 1080 5436 infra
1098 5375 1266 5434 missarum
1284 5372 1476 5452 sollempnia
1496 5383 1628 5450 peracto
1647 5391 1797 5432 sermone

238 5500 397 5544 exercens
420 5479 586 5560 pastorale
611 5477 749 5540 officium
782 5482 908 5542 monuit
939 5479 1099 5562 prefatum
1124 5479 1286 5540 Thomam
1320 5489 1354 5540 et
1381 5491 1518 5540 matrem
1550 5479 1625 5539 dicti
1659 5476 1798 5567 Thomq

239 5589 391 5668 quatinus
408 5588 570 5667 quandam
586 5585 751 5648 mulierem
776 5589 970 5656 maritatam,
995 5589 1084 5648 cuius
1108 5606 1226 5648 nomen
1251 5587 1420 5667 deponens
1437 5587 1607 5666 ignoravit,
1632 5596 1668 5646 ut
1691 5586 1795 5665 ipsam

239 5715 302 5755 non
328 5703 478 5756 tenerent
502 5695 532 5753 in
558 5692 658 5754 domo
682 5703 716 5754 et
739 5700 775 5751 ut
799 5691 918 5754 rediret
941 5693 982 5755 ad
1007 5695 1157 5754 maritum
1182 5713 1286 5754 suum.
1312 5695 1386 5771 quia
1411 5703 1564 5772 suspecta
1582 5690 1640 5752 luit
1656 5691 1696 5751 de
1714 5690 1799 5752 adul·

347 5825 403 5864 Acta
416 5821 568 5864 ecclesiastice.
584 5823 620 5864 111.
1676 5813 1693 5865 6
