4458 6674
423 713 481 792 138
894 713 989 760 acra
1007 708 1130 762 rumen
1148 711 1285 761 necess.
1305 706 1494 762 Pnocsnsts

416 923 562 987 flaveam.
587 923 669 985 Item
694 944 754 1003 pro
778 923 877 984 calice
902 922 1041 985 emendo
1065 923 1105 984 ad
1131 924 1250 985 dictum
1276 923 1376 985 altare
1401 926 1446 986 sic
1472 943 1530 1004 per
1554 943 1605 984 me
1629 923 1798 984 fundatum
1823 921 1898 1002 lego
1921 921 1969 984 IV

416 1052 607 1112 sexagenas,
633 1041 698 1092 tres
723 1031 754 1091 in
777 1031 891 1092 medlis
916 1051 961 1110 gr.
987 1042 1020 1092 et
1044 1051 1141 1091 unam
1166 1031 1197 1091 in
1221 1029 1345 1108 solidis;
1371 1051 1430 1110 pro
1450 1031 1559 1092 casula
1582 1031 1802 1112 comparanda
1827 1028 1900 1108 lego
1927 1027 1968 1088 III

415 1159 599 1218 sexagenas
623 1139 652 1198 in
679 1139 792 1199 mediis
817 1159 864 1217 gr.
888 1138 930 1197 ad
954 1138 1076 1198 dictum
1102 1135 1211 1199 altare.
1250 1137 1332 1199 Item
1358 1138 1433 1198 volo
1465 1138 1652 1197 dotaliciurn
1678 1139 1789 1198 uxoris
1814 1157 1886 1196 mee
1911 1133 1968 1196 Ca·

416 1245 540 1307 therine
564 1265 694 1325 semper
718 1246 747 1305 in
765 1266 825 1307 suo
843 1244 960 1306 robore
986 1265 1186 1325 permanere.
1211 1244 1292 1306 Item
1311 1243 1429 1306 CCCV
1445 1245 1590 1310 ducatos,
1616 1246 1646 1304 in
1673 1243 1790 1323 quibus
1816 1243 1968 1322 possideo

416 1352 594 1433 obligatam
620 1351 716 1412 michi
745 1349 850 1413 villam
879 1352 907 1412 in
938 1349 1167 1413 Genuschewo
1200 1373 1257 1430 per
1285 1352 1427 1414 nobilem
1452 1351 1627 1413 Iohannem
1655 1349 1869 1430 Laschoczlty
1894 1350 1970 1410 iudi·

415 1479 485 1522 cem
510 1459 817 1521 Zaeroczimiensem
843 1471 875 1520 et
900 1460 1147 1539 quinquaginta:
1177 1459 1289 1540 viginti
1314 1459 1401 1538 apud
1425 1457 1566 1519 nobilem
1592 1456 1686 1536 Irzylr
1711 1456 1751 1518 de
1777 1457 1967 1534 Kranpicaa,

416 1585 552 1646 quorum
585 1566 701 1628 nobilis
734 1567 940 1646 Nyemyerza
966 1565 1156 1646 Wronysky
1182 1577 1232 1628 est
1264 1565 1442 1639 fideiussor,
1474 1577 1507 1627 et
1531 1567 1671 1646 triginta,
1705 1585 1786 1644 quos
1816 1566 1844 1624 in
1870 1563 1968 1623 domo

414 1675 445 1732 in
471 1673 622 1752 deposito
646 1672 761 1744 habeo,
793 1672 934 1734 florenos
966 1673 1059 1734 simul
1083 1672 1239 1735 collectos
1264 1673 1339 1753 lego
1371 1683 1404 1734 et
1429 1673 1543 1734 ordino
1575 1693 1635 1752 pro
1659 1673 1811 1733 dotandis
1846 1669 1968 1730 filiabus

415 1781 593 1842 servandos
624 1781 655 1839 in
679 1790 811 1840 tezauro
843 1781 1059 1842 Czirwenensi
1092 1801 1151 1860 per
1181 1781 1280 1841 dnum
1313 1789 1523 1840 executorem
1557 1791 1590 1840 et
1614 1777 1799 1840 CaterInam
1833 1797 1967 1838 uxorem

414 1907 529 1948 meam.
553 1887 635 1948 Item
661 1897 763 1950 totam
790 1887 921 1946 domum
947 1907 1053 1947 meam
1078 1907 1151 1948 cum
1176 1884 1401 1966 suppellectili,
1426 1886 1527 1946 horeo
1552 1899 1584 1946 et
1605 1885 1756 1946 omnibus
1781 1883 1969 1944 necessariis

414 2003 446 2054 et
470 1995 653 2056 attinenciis
685 1993 830 2055 eiusdem
863 1994 936 2072 lego
961 1991 1112 2054 Caterine
1147 1995 1239 2054 uxori
1265 2013 1345 2054 mee.
1386 1993 1466 2054 Item
1492 1992 1590 2056 Paulo
1616 1993 1835 2072 primogenito
1866 2003 1899 2050 et
1924 1989 1966 2050 lo·

414 2100 510 2160 hanni
535 2099 603 2160 filiis
628 2101 706 2161 meis
731 2101 773 2161 do
791 2111 823 2161 et
842 2100 915 2179 lego
939 2099 1045 2160 villam
1064 2120 1170 2160 meam
1193 2099 1328 2179 Moehty
1345 2119 1418 2160 cum
1436 2102 1585 2161 omnibus
1610 2099 1800 2160 utilitatibus
1825 2098 1966 2158 eiusdem

414 2217 447 2268 et
471 2207 571 2268 domo
604 2228 640 2267 ac
666 2205 880 2286 suppellectili
913 2208 1082 2282 eiustota,
1116 2207 1265 2269 videlicet
1299 2207 1470 2286 pecoribus
1502 2219 1536 2268 et
1559 2206 1628 2268 aliis
1652 2205 1749 2266 rebus
1782 2204 1969 2265 domesticis

414 2313 532 2374 demtis
555 2314 714 2386 censibus,
740 2333 823 2392 quos
847 2315 940 2374 uxori
966 2335 1038 2374 mee
1065 2313 1189 2394 prefate
1214 2313 1365 2376 Caterine
1390 2315 1472 2393 lego,
1502 2335 1543 2375 ex
1569 2315 1684 2393 quibus
1709 2311 1891 2393 providebit
1916 2311 1969 2371 Ni-

414 2419 540 2480 colaum
566 2405 722 2481 scolarem
749 2433 782 2481 et
800 2421 881 2480 alios
899 2441 1017 2500 pueros
1041 2421 1181 2482 iuniores
1206 2423 1360 2500 expensis
1384 2431 1416 2481 et
1433 2421 1560 2481 amictu.
1586 2420 1666 2481 Item
1687 2419 1786 2480 Paulo
1812 2417 1876 2479 filio
1893 2419 1967 2496 lego

415 2527 571 2587 maiorem
596 2547 724 2605 equum,
750 2527 882 2588 loricam
908 2538 941 2588 et
961 2527 1139 2606 polplacaie
1162 2528 1312 2588 meliores
1336 2547 1409 2588 cum
1435 2527 1462 2588 ll
1487 2527 1620 2588 balistis,
1645 2525 1726 2588 Item
1744 2523 1880 2586 Iohanni
1904 2521 1968 2584 filio

414 2631 489 2714 lego
514 2633 760 2708 ambulatorem,
793 2633 952 2707 balistam,
984 2654 1092 2694 arcum
1125 2644 1157 2695 et
1176 2633 1349 2714 polplucse.
1396 2634 1477 2696 Item
1510 2633 1593 2708 νοΙο,
1627 2633 1713 2712 quod
1749 2631 1801 2694 filii
1835 2631 1968 2710 predicti

412 2739 531 2800 dictam
560 2738 665 2800 villam
691 2739 828 2820 Mochty
852 2739 954 2802 solum
981 2742 1020 2802 ad
1039 2755 1229 2822 perpetuam
1256 2741 1446 2802 divisionem
1471 2760 1543 2801 cum
1561 2741 1630 2801 aliis
1655 2740 1805 2801 fratribus
1830 2737 1967 2800 fiendam

413 2855 446 2906 et
470 2867 533 2906 non
559 2849 703 2915 eviterne
728 2847 927 2926 possmeant.
963 2847 1043 2909 Item
1069 2847 1143 2926 lego
1169 2846 1320 2910 Caterine
1345 2850 1437 2909 uxori
1463 2868 1534 2908 mee
1559 2845 1649 2908 villas
1673 2845 1837 2914 Dlotow0‚
1863 2844 1969 2905 Nabo-

412 2974 511 3022 rowo
537 2953 785 3032 Naborowyeez
809 2963 841 3014 et
859 2965 964 3016 sortes
989 2966 1095 3016 certas
1120 2955 1149 3014 in
1167 2952 1334 3016 Sdunowo
1359 2955 1573 3035 possidendas
1597 2953 1754 3015 advitam
1780 2972 1851 3013 cum
1870 2952 1969 3012 omni·

412 3059 473 3120 bus
498 3060 717 3140 proventibus,
751 3060 867 3140 quibus
892 3061 1076 3142 providebit
1100 3063 1186 3124 victu
1220 3073 1252 3122 et
1276 3062 1395 3122 amictu
1421 3060 1589 3122 Nicolaum
1615 3061 1772 3122 scolarem
1803 3079 1875 3120 cum
1901 3057 1968 3119 aliis

414 3166 530 3245 pueris,
562 3165 703 3245 demptis
737 3167 835 3228 I'aulo
864 3179 896 3228 et
921 3167 1073 3242 Iohanne,
1106 3169 1160 3248 qui
1185 3169 1399 3247 possidebunt
1430 3167 1537 3229 villam
1570 3168 1716 3248 Mochty.
1758 3167 1800 3228 Et
1825 3167 1851 3228 si
1879 3175 1911 3226 et
1937 3165 1967 3224 in

414 3282 571 3352 quantum
597 3271 741 3351 prefatus
765 3272 919 3336 Nicolaus
945 3275 1134 3335 beneficium
1160 3286 1351 3354 assequetur
1375 3275 1506 3354 aliquod
1531 3275 1796 3348 ecclesiasticum,
1830 3274 1871 3334 sit
1894 3291 1968 3332 con-

414 3389 523 3440 tentus
554 3379 586 3438 in
612 3400 660 3446 eo,
693 3391 830 3441 matrem
864 3383 894 3441 in
920 3381 1181 3460 possessionibus
1213 3403 1277 3442 non
1302 3383 1471 3462 gravando
1502 3403 1574 3442 cum
1607 3380 1733 3442 filiabus
1758 3382 1844 3442 meis.
1886 3377 1967 3440 Item

359 3504 361 3509 ’
413 3485 572 3547 frumenta
596 3488 743 3548 triturata
767 3487 808 3548 ad
832 3489 1039 3550 vendendum
1064 3498 1177 3568 aptata
1193 3488 1344 3550 Caterine
1369 3490 1460 3550 uxori
1480 3509 1551 3550 mee
1576 3487 1701 3568 prefate
1726 3488 1865 3549 vendere
1883 3505 1967 3546 com-

414 3593 509 3655 mitto
533 3612 605 3653 cum
632 3595 767 3656 consilio
792 3605 1004 3657 executorum
1030 3605 1062 3657 et
1087 3597 1242 3676 pecunias
1267 3617 1327 3675 pro
1344 3617 1379 3657 se
1405 3597 1521 3658 levare.
1547 3595 1627 3658 Item
1653 3597 1761 3656 omnia
1785 3604 1818 3656 et
1842 3591 1968 3672 singula

413 3701 532 3773 debita,
557 3719 751 3780 quecunque
777 3711 930 3762 tenentur
960 3703 1039 3763 certi
1063 3703 1239 3776 debitores,
1255 3725 1256 3728 ¹
1271 3701 1346 3783 lego
1371 3701 1523 3764 Caterine
1548 3705 1639 3765 uxori
1666 3721 1738 3763 mee
1764 3699 1890 3781 prefate
1914 3719 1968 3760 ex·

412 3805 571 3868 trahenda
595 3818 628 3869 et
653 3827 712 3884 pro
737 3808 875 3869 utilitate
901 3829 959 3870 sua
983 3810 1203 3871 convertenda
1228 3807 1310 3870 ultra
1336 3810 1404 3884 ista,
1435 3829 1498 3890 que
1523 3821 1596 3871 sunt
1621 3811 1769 3890 superius
1793 3805 1967 3884 descripta,

413 3913 493 3974 Item
519 3913 594 3993 lego
619 3912 646 3974 II
663 3912 741 3985 flor,
766 3935 848 3994 quos
872 3915 1029 3995 obIIgavit
1054 3915 1147 3976 michi
1172 3915 1235 3976 dna
1252 3915 1507 3988 Stroschewslta,
1533 3937 1593 3997 pro
1610 3917 1755 3977 emendis
1779 3911 1905 3976 vexillis
1926 3911 1968 3971 ad

413 4019 582 4080 ecclesiam
609 4023 639 4080 in
665 4021 902 4100 Camyenycza.
942 4021 1078 4102 Insuper
1101 4022 1175 4084 volo
1209 4035 1241 4083 et
1267 4023 1340 4104 lego
1364 4043 1401 4084 ac
1426 4025 1468 4085 do
1493 4043 1624 4084 censum
1654 4023 1693 4084 de
1719 4021 1820 4082 tribus
1845 4031 1879 4082 et
1903 4037 1967 4078 non

414 4137 539 4187 tantum
565 4127 692 4188 duobus
717 4127 836 4189 mansis
861 4127 974 4190 locatis
999 4141 1031 4190 et
1056 4131 1217 4208 possessis
1242 4127 1385 4192 altariste
1410 4150 1469 4210 pro
1494 4141 1645 4211 tempore
1669 4130 1821 4191 existenti
1845 4127 1968 4188 solven-

415 4231 500 4308 dum,
526 4231 668 4294 dandum
694 4245 727 4295 et
752 4235 1021 4296 contribuendum
1048 4255 1107 4314 pro
1133 4234 1217 4296 festo
1242 4257 1265 4296 s.
1283 4237 1427 4309 Martini,
1452 4246 1486 4298 ut
1511 4239 1727 4318 prescriptum
1752 4245 1815 4312 est;
1840 4235 1968 4295 racione

413 4343 502 4400 cuins
526 4339 672 4401 altarista
696 4339 783 4420 leget
808 4351 841 4402 et
866 4342 974 4421 legere
999 4343 1162 4403 tenebitur
1186 4341 1319 4424 singulis
1344 4345 1533 4424 septimanis
1557 4364 1615 4426 per
1639 4343 1681 4404 III
1699 4344 1814 4410 missas
1838 4361 1898 4422 pro
1915 4341 1967 4403 de·

413 4444 538 4519 functis,
563 4446 713 4509 videlicet
738 4449 778 4509 de
801 4448 831 4510 b.
848 4447 984 4528 Virgine
1008 4459 1040 4509 et
1065 4469 1125 4530 pro
1143 4450 1293 4528 peccatis.
1318 4449 1400 4512 Item
1426 4452 1499 4532 lego
1524 4449 1623 4512 Paulo
1648 4450 1712 4512 filio
1729 4469 1803 4510 meo
1825 4449 1967 4528 loricam,

407 4551 571 4632 plnsclzek,
594 4553 695 4634 sprrky
718 4566 865 4617 mutuata
889 4556 988 4618 nobili
1012 4555 1154 4617 Wlodek
1179 4555 1438 4639 Golawynyslty.
1455 4593 1498 4601 —
1523 4555 1648 4638 Quibus
1661 4556 1715 4638 ll..
1740 4559 1964 4633 auctoritatem

414 4671 447 4721 et
470 4661 636 4722 decretum
662 4662 736 4722 dicti
761 4661 950 4725 olfreialatus
975 4675 1071 4742 atque
1097 4675 1242 4725 nostrum
1269 4665 1420 4726 duximus
1443 4665 1749 4745 interponendam..
1774 4663 1808 4724 In
1832 4683 1966 4744 quorum

414 4767 554 4826 omnium
589 4765 683 4827 fidem
715 4770 946 4847 premissorum
979 4781 1149 4851 presentes
1180 4780 1309 4832 nostras
1340 4773 1535 4850 transumpti
1567 4770 1703 4844 litteraS,
1735 4779 1967 4832 testamentum

414 4872 597 4934 huiusmodi
622 4875 653 4934 in
678 4895 712 4934 se
737 4876 950 4944 continentes,
983 4897 1041 4954 per
1065 4878 1225 4938 notarium
1251 4897 1419 4939 causarum
1445 4887 1477 4938 et
1502 4897 1599 4940 cause
1623 4899 1661 4938 ac
1687 4877 1760 4940 sacti
1785 4877 1967 4940 huiusmodi

413 4980 584 5041 scribam..
609 4983 780 5042 transsumi
805 5001 941 5044 unacum
967 4985 1169 5063 appensione
1201 4985 1299 5064 sigilli
1324 4985 1427 5046 nostri
1451 4983 1641 5046 olficialatus
1666 4983 1800 5045 fecimus
1825 5002 1967 5044 commu·

413 5087 479 5148 uiri.
505 5087 625 5148 Datum
650 5087 790 5149 Ploczko
815 5088 865 5149 die
891 5088 1028 5150 Veneris
1054 5089 1118 5152 XX
1142 5090 1276 5152 Ianuarii
1302 5111 1328 5152 a.
1353 5091 1393 5151 D.
1423 5105 1537 5172 1497..

627 5280 667 5340 Α,
697 5295 789 5360 1509,
814 5279 1018 5362 Septembris
1047 5299 1093 5363 17,
1117 5285 1147 5344 ln
1173 5284 1367 5346 consistorio
1391 5282 1549 5346 Plocensi.

520 5400 609 5468 295.
627 5404 721 5486 (Acta
737 5403 818 5466 offic.
831 5405 902 5487 Ila).
919 5406 1038 5468 Vener.
1055 5409 1103 5468 vir
1115 5405 1197 5468 dnus
1214 5407 1355 5470 Mathias
1373 5409 1412 5468 de
1428 5407 1592 5489 Falibogy
1610 5411 1784 5469 canonicus
1801 5406 1965 5469 Plocensis

412 5523 445 5573 et
462 5512 602 5572 sindicus
626 5532 732 5573 vener.
757 5513 889 5592 capituli
913 5513 1108 5575 Plocensis..
1133 5515 1295 5576 accusavit
1320 5517 1556 5577 contumaciam
1581 5517 1729 5597 generosi
1755 5517 1809 5576 dni
1833 5515 1965 5576 Andree

521 5621 540 5720 ¹l
555 5621 690 5722 bbszemy
709 5668 782 5720 ustep
802 5655 965 5720 poczqtlrowy
985 5666 1044 5720 tego
1064 5665 1229 5722 transumpto,
1251 5657 1449 5722 wystawiouego
1470 5675 1540 5722 przez
1560 5657 1683 5722 hlikolaja
1702 5674 1714 5704 a
1734 5656 1838 5706 Bartnilr
1858 5657 1966 5706 kautora

412 5745 418 5791 i
438 5743 553 5809 ossicyala
572 5745 743 5808 generaluego
765 5743 911 5811 PlockIegO,
931 5745 1099 5810 opuscilismy¹
1118 5745 1179 5809 jako
1199 5746 1367 5810 pozbawiony
1387 5746 1538 5810 wszellriego
1559 5747 1668 5795 interesu
1687 5745 1887 5811 historyczuego.
