4458 6674
833 677 1011 728 ANNORUM
1032 675 1213 731 l5oe-v1b09.
1741 697 1801 764 129

265 765 314 770 -...-
330 765 451 772 1-..--.-.-
472 767 525 772 .--

246 887 298 948 ubi
316 887 449 948 cervisia
474 887 559 949 solet
584 889 756 968 propinari,
781 907 878 950 causa
901 892 1084 970 potacionis
1109 911 1181 951 cum
1206 893 1273 953 suis
1294 893 1415 964 amicis,
1440 913 1523 974 quos
1547 904 1624 956 tunc
1646 895 1679 956 in
1702 895 1803 958 obvio

245 993 365 1064 habuit,
382 993 582 1056 descendere
598 997 742 1075 contigit,
762 995 876 1073 prelati
895 997 1019 1057 nobiles
1038 995 1098 1058 illic
1114 997 1268 1059 sedentes
1281 1009 1313 1059 et
1327 1008 1415 1062 certa
1431 1000 1594 1079 colloquia
1610 1021 1682 1062 cum
1700 1003 1803 1082 ipsius

245 1101 355 1161 amicis
378 1099 538 1162 habentes
561 1103 643 1162 inter
666 1123 702 1163 se
726 1122 870 1182 gwerras
894 1114 927 1164 et
951 1104 1036 1165 rixas
1061 1122 1217 1166 exercere
1240 1115 1407 1185 ceperunt.
1432 1105 1475 1168 Et
1499 1107 1630 1168 tandem
1656 1129 1675 1170 a
1698 1110 1803 1171 domo

245 1207 343 1285 ipsius
360 1208 587 1270 recedentibus
600 1219 632 1270 et
646 1210 733 1270 dicto
751 1207 867 1269 clerico
883 1221 1081 1282 remanente,
1099 1212 1174 1272 dicti
1189 1211 1313 1274 nobiles
1324 1231 1367 1274 ex
1380 1213 1606 1293 indignacione
1623 1216 1800 1278 amicorum

245 1333 374 1374 suornm
401 1312 542 1396 maligno
563 1316 650 1376 ducti
667 1317 780 1394 spiritu
797 1319 828 1377 in
845 1317 982 1378 eundem
1008 1319 1167 1380 irruerunt
1184 1329 1217 1380 et
1232 1321 1464 1399 manciparunt,
1490 1322 1707 1402 mancipatum
1725 1319 1801 1402 liga·

246 1431 317 1480 runt
336 1430 369 1480 et
385 1419 535 1483 hincinde
553 1443 611 1502 per
630 1423 721 1484 villas
738 1422 902 1485 ducebant
919 1427 949 1484 in
968 1424 1111 1485 dedecus
1135 1423 1256 1486 ordinis
1282 1423 1443 1494 clericalis.
1468 1429 1630 1490 extimans
1654 1429 1801 1490 iniuriam

245 1528 284 1588 ad
303 1526 329 1590 C
346 1529 482 1590 ducatos
506 1540 567 1590 etc.
592 1541 709 1610 petens
732 1533 763 1590 in
787 1551 913 1592 summa
938 1531 1062 1611 prefata
1081 1527 1137 1615 [etl
1156 1534 1186 1592 in
1203 1535 1378 1594 sentenciis
1402 1537 1535 1596 canonis
1559 1535 1800 1615 condempnari.

352 1635 403 1698 Ex
427 1637 565 1698 adverso
598 1637 723 1699 nobiles
748 1688 754 1698 .
780 1637 1010 1716 respondendo
1042 1641 1264 1720 proposicioni
1295 1641 1402 1702 clerici
1425 1642 1649 1722 allegaverunt
1678 1643 1801 1706 dietum

244 1741 391 1802 clericum
417 1741 482 1804 fere
507 1746 538 1803 in
564 1744 668 1806 media
692 1755 789 1805 nocte
813 1747 885 1824 ipso
910 1745 963 1806 die
987 1765 1010 1806 s.
1032 1745 1160 1806 Thome
1185 1747 1226 1808 de
1251 1767 1336 1807 anno
1360 1751 1517 1826 preterito
1541 1769 1613 1810 cum
1639 1747 1800 1812 nonnullis

244 1850 435 1922 hominibus,
461 1853 514 1929 qui
536 1863 677 1912 tasseres
695 1863 770 1912 tunc
786 1850 937 1924 luserunt,
962 1852 1085 1914 sedisse
1109 1851 1294 1932 ibidemque
1318 1855 1458 1916 nescitur
1475 1876 1540 1936 quo
1557 1857 1666 1917 animo
1684 1857 1800 1918 ductus

244 1957 398 2036 arripiens
422 1957 571 2018 baculum
590 1958 631 2018 de
650 1957 779 2020 fornace
804 1960 961 2020 violenter
981 1961 1138 2036 percussit
1163 1960 1304 2022 nobilem
1331 1960 1461 2023 Petrum
1486 1961 1593 2025 iacobi
1619 1961 1661 2025 de
1686 1961 1800 2026 Chrza·

245 2083 340 2123 nowo
364 2063 404 2124 ad
430 2075 528 2143 caput
552 2083 654 2144 usque
679 2063 720 2127 ad
744 2064 933 2127 effusionem
959 2067 1124 2146 sanguinis
1150 2078 1182 2128 et
1199 2077 1336 2148 propter
1359 2070 1453 2130 istam
1479 2071 1670 2132 violenciam
1694 2070 1800 2133 clerici

244 2169 363 2232 laetam
387 2171 508 2231 dictum
534 2170 684 2233 clericum
710 2171 864 2234 volebant
882 2171 1008 2234 deferre
1025 2172 1089 2234 dnn
1108 2173 1284 2254 Episcopo,
1309 2177 1365 2255 qui
1381 2176 1515 2238 clericus
1532 2180 1637 2258 peciit,
1663 2189 1697 2239 ut
1714 2179 1801 2240 istud

244 2297 309 2338 non
327 2276 417 2338 fieret
434 2287 570 2356 propter
585 2277 786 2354 delacionem
801 2280 852 2339 dni
869 2279 1024 2361 Episcopi
1040 2295 1072 2342 et
1086 2283 1386 2342 incarceracionem.
1405 2280 1527 2346 Ibidem
1544 2283 1649 2347 dictus
1666 2285 1802 2347 clericus

246 2385 342 2464 peciit
359 2383 470 2446 debita
487 2404 558 2445 curn
577 2388 734 2446 instancia
751 2388 956 2447 concordiam
975 2387 1139 2464 amplecti,
1158 2409 1254 2468 quarn
1270 2391 1475 2450 concordiam
1493 2391 1610 2452 ibidem
1625 2392 1654 2450 in
1669 2393 1801 2453 instanti

244 2489 388 2551 iecerunt
405 2501 438 2552 et
455 2500 573 2570 penam
591 2491 652 2553 Xll
670 2513 905 2572 sexagenorum
923 2509 1148 2574 apposuerunt
1173 2517 1231 2576 per
1247 2507 1372 2576 partem
1398 2501 1697 2560 contravenientem
1715 2501 1800 2579 parti

244 2600 366 2659 tenenti
385 2597 642 2660 irremissibiliter
660 2599 887 2676 exolvendam;
904 2600 1061 2662 offerente
1079 2621 1113 2662 se
1129 2603 1338 2680 probaturum
1356 2624 1455 2684 super
1470 2603 1530 2666 hiis
1549 2605 1667 2666 lacobo
1683 2604 1799 2667 clerico

245 2725 303 2784 per
326 2725 361 2766 se
377 2704 552 2768 confitente
577 2705 893 2780 concordiamiusto
918 2717 1005 2768 metu
1031 2707 1180 2791 [lecisset
1206 2710 1266 2772 alia
1290 2724 1368 2770 vero
1392 2711 1554 2792 negavit..
1584 2711 1626 2774 Et
1650 2711 1801 2773 dominus

245 2810 379 2872 Rmus..
407 2811 571 2874 mandavit
597 2816 723 2894 utrique
747 2814 830 2892 parti
857 2815 995 2892 probare
1021 2816 1239 2877 intencionem
1265 2835 1363 2878 suam.

459 3005 499 3067 A.
530 3023 620 3084 1509,
647 3006 811 3068 Februarii
841 3022 866 3084 5,
891 3009 922 3068 in
949 3008 1113 3070 l’oltowsk
1137 3011 1169 3069 in
1194 3010 1281 3070 curia
1305 3011 1491 3091 episcopali.

351 3127 439 3196 281.
464 3131 559 3212 (Acta
578 3132 674 3212 episc.
694 3131 773 3210 lX)..
801 3131 958 3192 Albcrtus
975 3129 1085 3212 Soylra
1105 3145 1295 3214 procurator
1316 3135 1445 3196 discreti
1462 3135 1584 3196 Mathie
1601 3136 1641 3196 de
1659 3136 1799 3218 Guthy..

245 3239 397 3316 produxit
421 3237 559 3299 libellum
586 3239 880 3309 convencionalern,
908 3251 1023 3316 petens
1047 3240 1150 3301 eidem
1169 3243 1359 3318 responderi
1377 3261 1435 3320 per
1452 3240 1625 3304 honestum
1642 3242 1799 3306 Mathiam

243 3345 501 3406 barbitonsorem
528 3365 649 3405 reum..
676 3347 727 3424 qui
754 3344 894 3407 Mathias
918 3347 1148 3424 respondendo
1173 3349 1262 3420 dixit,
1287 3349 1375 3426 quod
1398 3348 1474 3408 dum
1499 3360 1533 3411 et
1557 3349 1690 3429 quando
1713 3351 1800 3414 idem

243 3451 383 3513 Mathias
396 3452 604 3513 barbitonsor
617 3455 647 3511 in
661 3463 752 3513 certo
769 3451 916 3532 hospicio
933 3454 1142 3525 consedebat,
1161 3456 1245 3516 idem
1263 3456 1399 3516 clericus
1415 3457 1547 3517 veniens
1562 3456 1644 3518 hora
1660 3459 1800 3538 septima

244 3560 348 3618 noctis
360 3559 472 3619 videns
485 3558 606 3620 dictum
626 3559 780 3619 Mathiam
800 3559 1057 3620 barbitonsorern
1077 3563 1245 3638 pecuniam
1265 3583 1433 3622 numerare
1449 3565 1554 3642 ipsum
1570 3565 1610 3624 ad
1624 3563 1797 3624 ludendum

242 3677 348 3726 cartas
371 3665 571 3742 provocabat
589 3677 622 3727 et
640 3668 816 3744 pecuniam,
835 3687 930 3745 quam
948 3675 1026 3727 tnnc
1043 3670 1232 3740 numeravit,
1249 3667 1290 3728 de
1308 3669 1456 3730 manibus
1472 3669 1525 3730 illo
1542 3669 1672 3732 nolente
1690 3669 1798 3732 ludere

243 3771 427 3851 recipiebat,
453 3774 506 3850 qui
529 3771 670 3833 Mathias
695 3775 918 3854 recepcioncrn
937 3785 968 3832 et
985 3777 1131 3834 iniuriam
1149 3793 1239 3835 suam
1257 3773 1391 3836 sufferre
1411 3796 1473 3836 non
1492 3777 1603 3838 valens
1621 3797 1678 3856 per
1694 3779 1797 3838 crines

242 3897 324 3950 eum,
357 3897 397 3938 ne
422 3897 493 3938 cum
520 3881 656 3959 pecunia
681 3879 859 3958 aufugeret,
891 3882 1022 3941 retinnit
1048 3894 1183 3960 propter
1207 3883 1359 3942 damnum
1385 3903 1485 3968 suurn,
1518 3887 1621 3945 etsie
1645 3884 1798 3962 quicquid

241 3983 359 4046 iactum
386 3996 444 4056 est,
476 3985 570 4045 inicio
595 3987 669 4045 dicti
695 3987 800 4046 elerici
826 3987 945 4047 iactum
971 3989 1118 4049 extitisse
1149 3987 1238 4058 dixit,
1271 4000 1388 4068 petens
1419 3989 1644 4050 nichilominus
1675 3989 1797 4052 dictum

241 4092 400 4164 clericum,
426 4104 459 4152 ut
484 4091 624 4154 lusorem
650 4096 739 4154 iuxta
764 4095 928 4155 arbitrium
948 4093 987 4155 V.
1006 4095 1072 4155 Ptis
1098 4097 1208 4174 puniri,
1235 4117 1306 4158 cum
1332 4097 1425 4157 ludus
1448 4095 1582 4176 quilibet
1606 4095 1733 4158 illicitus
1755 4097 1797 4158 sit

241 4199 364 4260 clericis
390 4199 578 4279 prohibitus.
603 4200 646 4261 Et
670 4201 819 4262 dominus
843 4201 956 4262 ambas
981 4212 1091 4281 partes
1116 4203 1156 4260 ad
1182 4203 1417 4282 probandum..
1443 4205 1580 4264 admisit.

453 4392 495 4454 A.
527 4407 618 4472 1509,
641 4393 748 4454 Martii
772 4411 801 4470 9,
826 4397 856 4454 in
881 4397 1076 4456 consistorio
1100 4395 1257 4458 l'locensi.
1363 4423 1378 4442 κ

347 4515 437 4582 282.
469 4518 568 4595 (Acta
594 4517 666 4578 oflic
703 4517 768 4596 lla)
799 4519 834 4580 ln
860 4539 956 4580 causa
980 4521 1109 4582 discreti
1134 4520 1259 4582 Nicolai
1286 4521 1335 4582 filii
1362 4519 1483 4582 llrlathie
1508 4520 1664 4602 Magyera
1689 4522 1795 4584 clerici

240 4626 280 4685 de
306 4625 488 4705 Drobnyno
512 4636 627 4686 contra
651 4625 823 4686 honesturn
850 4627 1040 4688 Michaelern
1066 4627 1179 4688 Rozelr
1203 4627 1243 4688 de
1268 4626 1481 4708 Sayetropye,
1507 4629 1659 4690 Nicolaus
1684 4649 1743 4708 per
1759 4649 1795 4692 se

240 4742 353 4793 contra
369 4734 474 4812 ipsum
492 4731 683 4792 Michaelem
711 4732 855 4794 Rozelr..
881 4737 1050 4812 proposuit
1068 4737 1177 4804 verbo,
1204 4737 1279 4814 qnia
1295 4737 1365 4812 ipse
1383 4745 1511 4796 tenetur·
1528 4735 1590 4795 XX
1608 4757 1646 4814 gr
1671 4736 1794 4798 Mathie

240 4838 396 4920 Magyera
420 4839 462 4900 de
488 4838 668 4918 Drobnyno
694 4841 776 4918 patri
802 4841 901 4920 ipsius
926 4861 987 4920 pro
1010 4841 1117 4919 gladio
1142 4862 1200 4920 per
1224 4862 1297 4902 eum
1322 4851 1434 4922 empto
1459 4853 1492 4902 et
1515 4863 1576 4918 pro
1598 4842 1660 4902 alio
1684 4843 1793 4922 gladio

165 4979 175 4992 ·
239 4946 279 5006 ad
296 4944 536 5006 reformandum
555 4960 688 5026 recepto
707 4945 799 5006 XVll
818 4967 864 5028 gr.
883 4967 1006 5007 necnon
1028 4969 1085 5023 pro
1103 4947 1228 5009 caletha
1246 4949 1278 5009 V
1294 4971 1339 5029 gr.
1357 4947 1500 5010 similiter
1521 4963 1641 5027 empta.
1667 4946 1793 5028 Quibus

240 5051 405 5130 premissis
428 5053 578 5112 omnibus
596 5055 666 5131 ipse
682 5053 823 5114 Matthias
848 5055 985 5115 eundem
1012 5054 1181 5115 Nicolaum
1207 5054 1303 5116 lilium
1329 5075 1419 5115 snum
1446 5057 1575 5116 racione
1599 5055 1694 5115 studii
1720 5073 1792 5115 con·

239 5159 379 5228 donavit,
404 5157 607 5240 petivit[que]
634 5161 738 5238 ipsum
763 5161 835 5237 cogi
861 5163 901 5221 ad
920 5159 1127 5223 solucionem.
1154 5161 1346 5222 Exadverso
1365 5161 1500 5224 Michael
1519 5161 1678 5241 allegavit,
1704 5163 1794 5243 quod

239 5275 331 5344 pater
347 5285 423 5326 suus
440 5267 553 5344 petivit
570 5265 668 5325 dnum
686 5268 785 5344 ipsius
803 5267 967 5328 Michaelis
985 5289 1044 5347 pro
1063 5268 1195 5346 prelatis
1212 5269 1308 5329 rebus
1329 5269 1485 5329 iusticiam
1510 5269 1585 5330 fieri.
1611 5267 1673 5348 Qui
1692 5269 1792 5330 domi·

238 5391 298 5433 nus
321 5375 369 5432 ius
394 5372 537 5434 seculare
563 5373 680 5432 locavit
702 5387 733 5434 et
751 5376 889 5435 eundem
915 5375 1071 5436 Mathiarn
1097 5377 1179 5438 ultra
1203 5375 1317 5437 horam
1342 5373 1470 5435 solitam
1495 5379 1692 5454 expectavit.
1717 5375 1791 5456 Quo

238 5479 361 5540 Mathia
386 5489 479 5557 patre
501 5481 601 5559 ipsius
628 5479 750 5540 Nicolai
776 5503 838 5542 non
865 5495 1084 5562 comparente.
1116 5484 1238 5544 iudices
1266 5493 1406 5562 protunc
1437 5482 1554 5542 indicio
1585 5483 1791 5561 presidentes

237 5601 341 5664 ipsum
369 5585 557 5648 hlichaelern
576 5586 616 5646 ab
634 5587 790 5648 instancia
814 5600 846 5650 et
870 5589 1078 5668 impericione
1103 5589 1226 5651 Mathie
1249 5589 1458 5650 absolverunt
1483 5599 1515 5650 et
1539 5589 1642 5648 eidem
1669 5588 1791 5650 Mathia

238 5691 401 5752 silencium
420 5704 611 5773 perpetuum
630 5694 861 5773 imposuerunt.
879 5695 931 5756 Ex
944 5696 1082 5757 adverso
1096 5697 1251 5758 Nicolans
1265 5697 1398 5758 clericus
1411 5697 1543 5776 negavit
1555 5695 1789 5774 allegacionem

343 5821 399 5861 ncta
413 5819 562 5862 ecclesiastice.
578 5821 613 5861 lll.
1650 5815 1682 5866 17
