<?xml version="1.0" encoding="UTF-8"?>
<!DOCTYPE html PUBLIC "-//W3C//DTD XHTML 1.0 Transitional//EN"
    "http://www.w3.org/TR/xhtml1/DTD/xhtml1-transitional.dtd">
<html xmlns="http://www.w3.org/1999/xhtml" xml:lang="en" lang="en">
 <head>
  <title>
</title>
<meta http-equiv="Content-Type" content="text/html;charset=utf-8" />
  <meta name='ocr-system' content='tesseract 3.04.00' />
  <meta name='ocr-capabilities' content='ocr_page ocr_carea ocr_par ocr_line ocrx_word'/>
</head>
<body>
  <div class='ocr_page' id='page_1' title='image "actacapitulorum01czubgoog_0084.png"; bbox 0 0 4392 6672; ppageno 0'>
   <div class='ocr_carea' id='block_1_1' title="bbox 406 633 1961 3584">
    <p class='ocr_par' dir='ltr' id='par_1_1' title="bbox 408 633 1489 716">
     <span class='ocr_line' id='line_1_1' title="bbox 408 633 1489 716; baseline 0.002 -34"><span class='ocrx_word' id='word_1_1' title='bbox 408 649 452 716; x_wconf 87' lang='lat'>70</span> <span class='ocrx_word' id='word_1_2' title='bbox 884 635 978 686; x_wconf 81' lang='lat' dir='ltr'>ACTA</span> <span class='ocrx_word' id='word_1_3' title='bbox 997 633 1121 685; x_wconf 81' lang='lat' dir='ltr'>lumen</span> <span class='ocrx_word' id='word_1_4' title='bbox 1139 634 1276 685; x_wconf 79' lang='lat' dir='ltr'>ECCLES.</span> <span class='ocrx_word' id='word_1_5' title='bbox 1297 634 1489 686; x_wconf 80' lang='lat' dir='ltr'><strong>PLOCENSIS</strong></span> 
     </span>
    </p>

    <p class='ocr_par' dir='ltr' id='par_1_2' title="bbox 407 845 1960 1462">
     <span class='ocr_line' id='line_1_2' title="bbox 407 845 1959 930; baseline 0.001 -21"><span class='ocrx_word' id='word_1_6' title='bbox 407 867 466 930; x_wconf 89' lang='lat' dir='ltr'>per</span> <span class='ocrx_word' id='word_1_7' title='bbox 490 847 637 908; x_wconf 90' lang='lat' dir='ltr'>homines</span> <span class='ocrx_word' id='word_1_8' title='bbox 670 856 825 918; x_wconf 86' lang='lat' dir='ltr'>astantes,</span> <span class='ocrx_word' id='word_1_9' title='bbox 857 848 910 928; x_wconf 92' lang='lat' dir='ltr'>qui</span> <span class='ocrx_word' id='word_1_10' title='bbox 936 853 1075 926; x_wconf 92' lang='lat' dir='ltr'>protunc</span> <span class='ocrx_word' id='word_1_11' title='bbox 1107 866 1150 908; x_wconf 90' lang='lat' dir='ltr'>ex</span> <span class='ocrx_word' id='word_1_12' title='bbox 1174 846 1332 908; x_wconf 86' lang='lat' dir='ltr'>violencia</span> <span class='ocrx_word' id='word_1_13' title='bbox 1362 845 1544 908; x_wconf 89' lang='lat' dir='ltr'>huiusmodi</span> <span class='ocrx_word' id='word_1_14' title='bbox 1576 848 1690 908; x_wconf 89' lang='lat' dir='ltr'>irritati</span> <span class='ocrx_word' id='word_1_15' title='bbox 1721 861 1959 918; x_wconf 85' lang='lat' dir='ltr'>concurrerant,</span> 
     </span>
     <span class='ocr_line' id='line_1_3' title="bbox 408 952 1958 1036; baseline 0.001 -21"><span class='ocrx_word' id='word_1_16' title='bbox 408 953 521 1016; x_wconf 86' lang='lat' dir='ltr'>suisset</span> <span class='ocrx_word' id='word_1_17' title='bbox 545 953 586 1014; x_wconf 90' lang='lat' dir='ltr'>de</span> <span class='ocrx_word' id='word_1_18' title='bbox 610 953 759 1015; x_wconf 89' lang='lat' dir='ltr'>manibus</span> <span class='ocrx_word' id='word_1_19' title='bbox 789 955 891 1035; x_wconf 92' lang='lat' dir='ltr'>ipsius</span> <span class='ocrx_word' id='word_1_20' title='bbox 915 963 1056 1034; x_wconf 86' lang='lat' dir='ltr'>ereptus,</span> <span class='ocrx_word' id='word_1_21' title='bbox 1089 964 1345 1036; x_wconf 88' lang='lat' dir='ltr'>propterquam</span> <span class='ocrx_word' id='word_1_22' title='bbox 1370 952 1545 1016; x_wconf 87' lang='lat' dir='ltr'>violentam</span> <span class='ocrx_word' id='word_1_23' title='bbox 1570 973 1723 1016; x_wconf 92' lang='lat' dir='ltr'>manuum</span> <span class='ocrx_word' id='word_1_24' title='bbox 1747 955 1958 1017; x_wconf 88' lang='lat' dir='ltr'>inieccionem</span> 
     </span>
     <span class='ocr_line' id='line_1_4' title="bbox 407 1059 1960 1141; baseline -0.001 -18"><span class='ocrx_word' id='word_1_25' title='bbox 407 1073 439 1123; x_wconf 90' lang='lat' dir='ltr'>et</span> <span class='ocrx_word' id='word_1_26' title='bbox 466 1059 725 1122; x_wconf 87' lang='lat' dir='ltr'>vulneraciouem</span> <span class='ocrx_word' id='word_1_27' title='bbox 760 1059 905 1140; x_wconf 83' lang='lat' dir='ltr'>prelatus</span> <span class='ocrx_word' id='word_1_28' title='bbox 936 1059 1078 1122; x_wconf 87' lang='lat' dir='ltr'>Mathias</span> <span class='ocrx_word' id='word_1_29' title='bbox 1109 1060 1221 1141; x_wconf 85' lang='lat' dir='ltr'>procul</span> <span class='ocrx_word' id='word_1_30' title='bbox 1254 1060 1352 1122; x_wconf 93' lang='lat' dir='ltr'>dubio</span> <span class='ocrx_word' id='word_1_31' title='bbox 1377 1063 1576 1122; x_wconf 82' lang='lat' dir='ltr'>sentenciam</span> <span class='ocrx_word' id='word_1_32' title='bbox 1609 1062 1960 1124; x_wconf 83' lang='lat' dir='ltr'>excommunicacionis</span> 
     </span>
     <span class='ocr_line' id='line_1_5' title="bbox 407 1165 1960 1248; baseline 0 -20"><span class='ocrx_word' id='word_1_33' title='bbox 407 1189 426 1228; x_wconf 87' lang='lat' dir='ltr'>a</span> <span class='ocrx_word' id='word_1_34' title='bbox 450 1185 587 1230; x_wconf 91' lang='lat' dir='ltr'>canone:</span> <span class='ocrx_word' id='word_1_35' title='bbox 613 1165 646 1228; x_wconf 86' lang='lat' dir='ltr'>Si</span> <span class='ocrx_word' id='word_1_36' title='bbox 672 1169 743 1246; x_wconf 90' lang='lat' dir='ltr'>quis</span> <span class='ocrx_word' id='word_1_37' title='bbox 767 1165 924 1228; x_wconf 86' lang='lat' dir='ltr'>suadente</span> <span class='ocrx_word' id='word_1_38' title='bbox 949 1179 1010 1228; x_wconf 91' lang='lat' dir='ltr'>etc.</span> <span class='ocrx_word' id='word_1_39' title='bbox 1036 1167 1134 1229; x_wconf 89' lang='lat' dir='ltr'>latam</span> <span class='ocrx_word' id='word_1_40' title='bbox 1159 1167 1298 1228; x_wconf 84' lang='lat' dir='ltr'>incurrit.</span> <span class='ocrx_word' id='word_1_41' title='bbox 1323 1165 1397 1246; x_wconf 90' lang='lat' dir='ltr'>lpse</span> <span class='ocrx_word' id='word_1_42' title='bbox 1415 1187 1493 1228; x_wconf 88' lang='lat' dir='ltr'>vero</span> <span class='ocrx_word' id='word_1_43' title='bbox 1517 1166 1600 1230; x_wconf 91' lang='lat' dir='ltr'>dnus</span> <span class='ocrx_word' id='word_1_44' title='bbox 1616 1167 1778 1230; x_wconf 89' lang='lat' dir='ltr'>Iohannes</span> <span class='ocrx_word' id='word_1_45' title='bbox 1795 1166 1960 1248; x_wconf 79' lang='lat' dir='ltr'>Myslrow·</span> 
     </span>
     <span class='ocr_line' id='line_1_6' title="bbox 407 1271 1958 1353; baseline -0.003 -15"><span class='ocrx_word' id='word_1_46' title='bbox 407 1275 457 1338; x_wconf 90' lang='lat' dir='ltr'>ski</span> <span class='ocrx_word' id='word_1_47' title='bbox 482 1277 625 1337; x_wconf 89' lang='lat' dir='ltr'>iniuriam</span> <span class='ocrx_word' id='word_1_48' title='bbox 652 1293 742 1335; x_wconf 90' lang='lat' dir='ltr'>suarn</span> <span class='ocrx_word' id='word_1_49' title='bbox 760 1274 939 1353; x_wconf 81' lang='lat' dir='ltr'>predictam</span> <span class='ocrx_word' id='word_1_50' title='bbox 963 1273 1154 1334; x_wconf 90' lang='lat' dir='ltr'>inanimum</span> <span class='ocrx_word' id='word_1_51' title='bbox 1179 1275 1365 1335; x_wconf 90' lang='lat' dir='ltr'>revocando</span> <span class='ocrx_word' id='word_1_52' title='bbox 1389 1274 1476 1335; x_wconf 89' lang='lat' dir='ltr'>bona</span> <span class='ocrx_word' id='word_1_53' title='bbox 1500 1271 1564 1336; x_wconf 87' lang='lat' dir='ltr'>fide</span> <span class='ocrx_word' id='word_1_54' title='bbox 1588 1276 1724 1338; x_wconf 86' lang='lat' dir='ltr'>extimat</span> <span class='ocrx_word' id='word_1_55' title='bbox 1740 1275 1782 1336; x_wconf 90' lang='lat' dir='ltr'>ad</span> <span class='ocrx_word' id='word_1_56' title='bbox 1799 1293 1958 1337; x_wconf 87' lang='lat' dir='ltr'>summanr</span> 
     </span>
     <span class='ocr_line' id='line_1_7' title="bbox 408 1379 857 1462; baseline -0.004 -18"><span class='ocrx_word' id='word_1_57' title='bbox 408 1383 439 1444; x_wconf 92' lang='lat' dir='ltr'>D</span> <span class='ocrx_word' id='word_1_58' title='bbox 464 1381 532 1444; x_wconf 88' lang='lat' dir='ltr'>ilor.</span> <span class='ocrx_word' id='word_1_59' title='bbox 559 1379 822 1462; x_wconf 85' lang='lat' dir='ltr'>Hungaricalium</span> <span class='ocrx_word' id='word_1_60' title='bbox 835 1430 857 1442; x_wconf 90' lang='lat'>..</span> 
     </span>
    </p>

    <p class='ocr_par' dir='ltr' id='par_1_3' title="bbox 407 1486 1959 1782">
     <span class='ocr_line' id='line_1_8' title="bbox 515 1486 1959 1569; baseline -0.001 -19"><span class='ocrx_word' id='word_1_61' title='bbox 515 1489 600 1552; x_wconf 88' lang='lat' dir='ltr'>Petit</span> <span class='ocrx_word' id='word_1_62' title='bbox 623 1491 721 1569; x_wconf 82' lang='lat' dir='ltr'>igitur</span> <span class='ocrx_word' id='word_1_63' title='bbox 744 1486 850 1550; x_wconf 91' lang='lat' dir='ltr'>dictus</span> <span class='ocrx_word' id='word_1_64' title='bbox 874 1498 1099 1568; x_wconf 89' lang='lat' dir='ltr'>procurator..</span> <span class='ocrx_word' id='word_1_65' title='bbox 1126 1507 1299 1568; x_wconf 87' lang='lat' dir='ltr'>pervus..</span> <span class='ocrx_word' id='word_1_66' title='bbox 1325 1488 1422 1550; x_wconf 90' lang='lat' dir='ltr'>dnum</span> <span class='ocrx_word' id='word_1_67' title='bbox 1445 1487 1657 1550; x_wconf 91' lang='lat' dir='ltr'>Vincencium</span> <span class='ocrx_word' id='word_1_68' title='bbox 1682 1489 1872 1568; x_wconf 91' lang='lat' dir='ltr'>episcopum</span> <span class='ocrx_word' id='word_1_69' title='bbox 1896 1509 1959 1550; x_wconf 92' lang='lat' dir='ltr'>me·</span> 
     </span>
     <span class='ocr_line' id='line_1_9' title="bbox 407 1593 1959 1677; baseline -0.002 -18"><span class='ocrx_word' id='word_1_70' title='bbox 407 1608 568 1659; x_wconf 88' lang='lat' dir='ltr'>moratum</span> <span class='ocrx_word' id='word_1_71' title='bbox 594 1609 802 1674; x_wconf 87' lang='lat' dir='ltr'>vestramque</span> <span class='ocrx_word' id='word_1_72' title='bbox 827 1596 1027 1656; x_wconf 88' lang='lat' dir='ltr'>sentenciam</span> <span class='ocrx_word' id='word_1_73' title='bbox 1053 1593 1287 1656; x_wconf 86' lang='lat' dir='ltr'>diffinitivam..</span> <span class='ocrx_word' id='word_1_74' title='bbox 1312 1593 1468 1656; x_wconf 89' lang='lat' dir='ltr'>declarari</span> <span class='ocrx_word' id='word_1_75' title='bbox 1494 1593 1655 1677; x_wconf 81' lang='lat' dir='ltr'>prelatum</span> <span class='ocrx_word' id='word_1_76' title='bbox 1681 1595 1837 1658; x_wconf 91' lang='lat' dir='ltr'>Mathiam</span> <span class='ocrx_word' id='word_1_77' title='bbox 1862 1597 1959 1658; x_wconf 79' lang='lat' dir='ltr'>advo</span> 
     </span>
     <span class='ocr_line' id='line_1_10' title="bbox 408 1699 1557 1782; baseline -0.003 -16"><span class='ocrx_word' id='word_1_78' title='bbox 408 1707 505 1766; x_wconf 84' lang='lat' dir='ltr'>cati..</span> <span class='ocrx_word' id='word_1_79' title='bbox 531 1701 730 1764; x_wconf 83' lang='lat' dir='ltr'>sentenciam</span> <span class='ocrx_word' id='word_1_80' title='bbox 756 1703 1138 1764; x_wconf 69' lang='lat' dir='ltr'>excommunicacionis„</span> <span class='ocrx_word' id='word_1_81' title='bbox 1162 1702 1235 1782; x_wconf 90' lang='lat' dir='ltr'>ipso</span> <span class='ocrx_word' id='word_1_82' title='bbox 1260 1699 1348 1763; x_wconf 85' lang='lat' dir='ltr'>facto</span> <span class='ocrx_word' id='word_1_83' title='bbox 1374 1699 1557 1764; x_wconf 90' lang='lat' dir='ltr'>incidisse..</span> 
     </span>
    </p>

    <p class='ocr_par' dir='ltr' id='par_1_4' title="bbox 406 1804 1961 3584">
     <span class='ocr_line' id='line_1_11' title="bbox 515 1804 1960 1888; baseline 0 -18"><span class='ocrx_word' id='word_1_84' title='bbox 515 1808 566 1870; x_wconf 89' lang='lat' dir='ltr'>Ex</span> <span class='ocrx_word' id='word_1_85' title='bbox 590 1807 730 1870; x_wconf 88' lang='lat' dir='ltr'>adverso</span> <span class='ocrx_word' id='word_1_86' title='bbox 755 1827 934 1888; x_wconf 85' lang='lat' dir='ltr'>generosus</span> <span class='ocrx_word' id='word_1_87' title='bbox 959 1804 1122 1888; x_wconf 85' lang='lat' dir='ltr'>Georgius</span> <span class='ocrx_word' id='word_1_88' title='bbox 1146 1807 1187 1870; x_wconf 88' lang='lat' dir='ltr'>de</span> <span class='ocrx_word' id='word_1_89' title='bbox 1204 1807 1427 1888; x_wconf 84' lang='lat' dir='ltr'>Nyeczeczya,</span> <span class='ocrx_word' id='word_1_90' title='bbox 1452 1807 1612 1870; x_wconf 87' lang='lat' dir='ltr'>subiudex</span> <span class='ocrx_word' id='word_1_91' title='bbox 1629 1821 1713 1870; x_wconf 88' lang='lat' dir='ltr'>terre</span> <span class='ocrx_word' id='word_1_92' title='bbox 1732 1809 1960 1880; x_wconf 91' lang='lat' dir='ltr'>Drohiciensis,</span> 
     </span>
     <span class='ocr_line' id='line_1_12' title="bbox 408 1913 1959 1998; baseline -0.001 -20"><span class='ocrx_word' id='word_1_93' title='bbox 408 1927 599 1998; x_wconf 89' lang='lat' dir='ltr'>procurator</span> <span class='ocrx_word' id='word_1_94' title='bbox 631 1913 794 1994; x_wconf 82' lang='lat' dir='ltr'>legitimus</span> <span class='ocrx_word' id='word_1_95' title='bbox 825 1914 941 1994; x_wconf 84' lang='lat' dir='ltr'>prelati</span> <span class='ocrx_word' id='word_1_96' title='bbox 974 1915 1097 1976; x_wconf 89' lang='lat' dir='ltr'>Mathie</span> <span class='ocrx_word' id='word_1_97' title='bbox 1121 1913 1277 1978; x_wconf 86' lang='lat' dir='ltr'>Dobeslai</span> <span class='ocrx_word' id='word_1_98' title='bbox 1309 1913 1350 1976; x_wconf 92' lang='lat' dir='ltr'>de</span> <span class='ocrx_word' id='word_1_99' title='bbox 1374 1914 1562 1996; x_wconf 80' lang='lat' dir='ltr'>Rzasnylr..</span> <span class='ocrx_word' id='word_1_100' title='bbox 1596 1917 1725 1996; x_wconf 86' lang='lat' dir='ltr'>negavit</span> <span class='ocrx_word' id='word_1_101' title='bbox 1750 1927 1905 1978; x_wconf 90' lang='lat' dir='ltr'>contenta</span> <span class='ocrx_word' id='word_1_102' title='bbox 1928 1917 1959 1976; x_wconf 95' lang='lat' dir='ltr'>in</span> 
     </span>
     <span class='ocr_line' id='line_1_13' title="bbox 407 2020 1959 2102; baseline -0.003 -16"><span class='ocrx_word' id='word_1_103' title='bbox 407 2022 523 2094; x_wconf 90' lang='lat' dir='ltr'>libello,</span> <span class='ocrx_word' id='word_1_104' title='bbox 556 2023 763 2102; x_wconf 84' lang='lat' dir='ltr'>subiungens,</span> <span class='ocrx_word' id='word_1_105' title='bbox 796 2020 884 2100; x_wconf 90' lang='lat' dir='ltr'>quod</span> <span class='ocrx_word' id='word_1_106' title='bbox 908 2021 934 2082; x_wconf 91' lang='lat' dir='ltr'>si</span> <span class='ocrx_word' id='word_1_107' title='bbox 958 2021 1065 2102; x_wconf 91' lang='lat' dir='ltr'>aliqua</span> <span class='ocrx_word' id='word_1_108' title='bbox 1089 2023 1219 2083; x_wconf 89' lang='lat' dir='ltr'>vulnera</span> <span class='ocrx_word' id='word_1_109' title='bbox 1245 2021 1372 2100; x_wconf 85' lang='lat' dir='ltr'>prefato</span> <span class='ocrx_word' id='word_1_110' title='bbox 1397 2023 1462 2084; x_wconf 91' lang='lat' dir='ltr'>dno</span> <span class='ocrx_word' id='word_1_111' title='bbox 1486 2020 1692 2102; x_wconf 86' lang='lat' dir='ltr'>Myskowslri</span> <span class='ocrx_word' id='word_1_112' title='bbox 1716 2021 1834 2090; x_wconf 88' lang='lat' dir='ltr'>intulit.</span> <span class='ocrx_word' id='word_1_113' title='bbox 1858 2041 1959 2102; x_wconf 88' lang='lat' dir='ltr'>opera</span> 
     </span>
     <span class='ocr_line' id='line_1_14' title="bbox 406 2126 1959 2212; baseline -0.001 -20"><span class='ocrx_word' id='word_1_114' title='bbox 406 2132 507 2212; x_wconf 89' lang='lat' dir='ltr'>ipsius</span> <span class='ocrx_word' id='word_1_115' title='bbox 532 2129 650 2193; x_wconf 87' lang='lat' dir='ltr'>iactum</span> <span class='ocrx_word' id='word_1_116' title='bbox 676 2139 735 2198; x_wconf 89' lang='lat' dir='ltr'>est,</span> <span class='ocrx_word' id='word_1_117' title='bbox 762 2129 803 2189; x_wconf 87' lang='lat' dir='ltr'>ita</span> <span class='ocrx_word' id='word_1_118' title='bbox 830 2126 989 2202; x_wconf 89' lang='lat' dir='ltr'>videlicet,</span> <span class='ocrx_word' id='word_1_119' title='bbox 1022 2129 1111 2208; x_wconf 91' lang='lat' dir='ltr'>quod</span> <span class='ocrx_word' id='word_1_120' title='bbox 1135 2129 1268 2190; x_wconf 91' lang='lat' dir='ltr'>veniens</span> <span class='ocrx_word' id='word_1_121' title='bbox 1292 2129 1332 2189; x_wconf 90' lang='lat' dir='ltr'>ad</span> <span class='ocrx_word' id='word_1_122' title='bbox 1356 2127 1537 2208; x_wconf 88' lang='lat' dir='ltr'>hospicium</span> <span class='ocrx_word' id='word_1_123' title='bbox 1570 2131 1667 2190; x_wconf 91' lang='lat' dir='ltr'>etad</span> <span class='ocrx_word' id='word_1_124' title='bbox 1693 2129 1809 2190; x_wconf 90' lang='lat' dir='ltr'>lectum</span> <span class='ocrx_word' id='word_1_125' title='bbox 1835 2130 1894 2192; x_wconf 90' lang='lat' dir='ltr'>sibi</span> <span class='ocrx_word' id='word_1_126' title='bbox 1919 2129 1959 2190; x_wconf 91' lang='lat' dir='ltr'>ad</span> 
     </span>
     <span class='ocr_line' id='line_1_15' title="bbox 407 2234 1960 2316; baseline -0.002 -18"><span class='ocrx_word' id='word_1_127' title='bbox 407 2237 632 2299; x_wconf 87' lang='lat' dir='ltr'>dormiendum</span> <span class='ocrx_word' id='word_1_128' title='bbox 666 2235 858 2315; x_wconf 90' lang='lat' dir='ltr'>dispositum</span> <span class='ocrx_word' id='word_1_129' title='bbox 892 2237 921 2294; x_wconf 93' lang='lat' dir='ltr'>in</span> <span class='ocrx_word' id='word_1_130' title='bbox 948 2234 1056 2296; x_wconf 87' lang='lat' dir='ltr'>medio</span> <span class='ocrx_word' id='word_1_131' title='bbox 1088 2237 1194 2297; x_wconf 92' lang='lat' dir='ltr'>noctis</span> <span class='ocrx_word' id='word_1_132' title='bbox 1223 2237 1294 2316; x_wconf 92' lang='lat' dir='ltr'>ipse</span> <span class='ocrx_word' id='word_1_133' title='bbox 1325 2235 1408 2296; x_wconf 91' lang='lat' dir='ltr'>dnus</span> <span class='ocrx_word' id='word_1_134' title='bbox 1436 2234 1640 2316; x_wconf 76' lang='lat' dir='ltr'>Mystowski</span> <span class='ocrx_word' id='word_1_135' title='bbox 1673 2247 1764 2298; x_wconf 88' lang='lat' dir='ltr'>stans</span> <span class='ocrx_word' id='word_1_136' title='bbox 1795 2239 1825 2296; x_wconf 91' lang='lat' dir='ltr'>in</span> <span class='ocrx_word' id='word_1_137' title='bbox 1851 2237 1960 2298; x_wconf 88' lang='lat' dir='ltr'>medio</span> 
     </span>
     <span class='ocr_line' id='line_1_16' title="bbox 408 2341 1958 2424; baseline 0 -20"><span class='ocrx_word' id='word_1_138' title='bbox 408 2343 520 2424; x_wconf 87' lang='lat' dir='ltr'>palacii</span> <span class='ocrx_word' id='word_1_139' title='bbox 544 2341 626 2405; x_wconf 87' lang='lat' dir='ltr'>dixit</span> <span class='ocrx_word' id='word_1_140' title='bbox 650 2341 691 2404; x_wconf 92' lang='lat' dir='ltr'>ad</span> <span class='ocrx_word' id='word_1_141' title='bbox 709 2344 814 2422; x_wconf 92' lang='lat' dir='ltr'>ipsum</span> <span class='ocrx_word' id='word_1_142' title='bbox 839 2341 995 2402; x_wconf 90' lang='lat' dir='ltr'>Mathiam</span> <span class='ocrx_word' id='word_1_143' title='bbox 1021 2353 1054 2404; x_wconf 92' lang='lat' dir='ltr'>et</span> <span class='ocrx_word' id='word_1_144' title='bbox 1071 2362 1147 2404; x_wconf 91' lang='lat' dir='ltr'>suos</span> <span class='ocrx_word' id='word_1_145' title='bbox 1171 2343 1365 2422; x_wconf 87' lang='lat' dir='ltr'>complices:</span> <span class='ocrx_word' id='word_1_146' title='bbox 1389 2342 1503 2422; x_wconf 87' lang='lat' dir='ltr'>quales</span> <span class='ocrx_word' id='word_1_147' title='bbox 1527 2361 1587 2404; x_wconf 92' lang='lat' dir='ltr'>vos</span> <span class='ocrx_word' id='word_1_148' title='bbox 1603 2343 1683 2404; x_wconf 91' lang='lat' dir='ltr'>estis</span> <span class='ocrx_word' id='word_1_149' title='bbox 1708 2343 1869 2420; x_wconf 88' lang='lat' dir='ltr'>homines;</span> <span class='ocrx_word' id='word_1_150' title='bbox 1894 2341 1958 2404; x_wconf 91' lang='lat' dir='ltr'>Ma·</span> 
     </span>
     <span class='ocr_line' id='line_1_17' title="bbox 407 2447 1960 2531; baseline -0.003 -17"><span class='ocrx_word' id='word_1_151' title='bbox 407 2452 474 2515; x_wconf 87' lang='lat' dir='ltr'>thia</span> <span class='ocrx_word' id='word_1_152' title='bbox 497 2450 733 2531; x_wconf 87' lang='lat' dir='ltr'>respondente:</span> <span class='ocrx_word' id='word_1_153' title='bbox 769 2467 839 2510; x_wconf 90' lang='lat' dir='ltr'>sum</span> <span class='ocrx_word' id='word_1_154' title='bbox 872 2449 1011 2510; x_wconf 87' lang='lat' dir='ltr'>servitor</span> <span class='ocrx_word' id='word_1_155' title='bbox 1042 2449 1096 2510; x_wconf 91' lang='lat' dir='ltr'>dni</span> <span class='ocrx_word' id='word_1_156' title='bbox 1128 2451 1289 2530; x_wconf 89' lang='lat' dir='ltr'>capitanei</span> <span class='ocrx_word' id='word_1_157' title='bbox 1322 2447 1556 2526; x_wconf 88' lang='lat' dir='ltr'>Drohiciensis;</span> <span class='ocrx_word' id='word_1_158' title='bbox 1592 2449 1681 2530; x_wconf 90' lang='lat' dir='ltr'>quod</span> <span class='ocrx_word' id='word_1_159' title='bbox 1712 2449 1846 2512; x_wconf 90' lang='lat' dir='ltr'>audiens</span> <span class='ocrx_word' id='word_1_160' title='bbox 1878 2449 1960 2509; x_wconf 86' lang='lat' dir='ltr'>dnus</span> 
     </span>
     <span class='ocr_line' id='line_1_18' title="bbox 406 2554 1960 2639; baseline -0.001 -19"><span class='ocrx_word' id='word_1_161' title='bbox 406 2557 610 2639; x_wconf 80' lang='lat' dir='ltr'>Myskowslri</span> <span class='ocrx_word' id='word_1_162' title='bbox 642 2557 776 2620; x_wconf 92' lang='lat' dir='ltr'>eosdem</span> <span class='ocrx_word' id='word_1_163' title='bbox 809 2555 917 2618; x_wconf 91' lang='lat' dir='ltr'>verbis</span> <span class='ocrx_word' id='word_1_164' title='bbox 942 2554 1120 2618; x_wconf 89' lang='lat' dir='ltr'>inhonestis</span> <span class='ocrx_word' id='word_1_165' title='bbox 1151 2559 1183 2616; x_wconf 94' lang='lat' dir='ltr'>in</span> <span class='ocrx_word' id='word_1_166' title='bbox 1208 2557 1319 2637; x_wconf 89' lang='lat' dir='ltr'>primis</span> <span class='ocrx_word' id='word_1_167' title='bbox 1350 2555 1457 2618; x_wconf 80' lang='lat' dir='ltr'>affecit</span> <span class='ocrx_word' id='word_1_168' title='bbox 1489 2567 1588 2618; x_wconf 84' lang='lat' dir='ltr'>etex</span> <span class='ocrx_word' id='word_1_169' title='bbox 1612 2556 1761 2638; x_wconf 91' lang='lat' dir='ltr'>hospicio</span> <span class='ocrx_word' id='word_1_170' title='bbox 1792 2555 1960 2618; x_wconf 87' lang='lat' dir='ltr'>discedere</span> 
     </span>
     <span class='ocr_line' id='line_1_19' title="bbox 407 2661 1961 2746; baseline 0 -20"><span class='ocrx_word' id='word_1_171' title='bbox 407 2665 582 2745; x_wconf 85' lang='lat' dir='ltr'>mandavit,</span> <span class='ocrx_word' id='word_1_172' title='bbox 613 2663 737 2726; x_wconf 87' lang='lat' dir='ltr'>Mathia</span> <span class='ocrx_word' id='word_1_173' title='bbox 762 2661 894 2725; x_wconf 90' lang='lat' dir='ltr'>nolente</span> <span class='ocrx_word' id='word_1_174' title='bbox 925 2673 959 2724; x_wconf 92' lang='lat' dir='ltr'>et</span> <span class='ocrx_word' id='word_1_175' title='bbox 983 2683 1018 2725; x_wconf 91' lang='lat' dir='ltr'>se</span> <span class='ocrx_word' id='word_1_176' title='bbox 1043 2663 1083 2723; x_wconf 88' lang='lat' dir='ltr'>ad</span> <span class='ocrx_word' id='word_1_177' title='bbox 1109 2663 1365 2726; x_wconf 89' lang='lat' dir='ltr'>benivolenciam</span> <span class='ocrx_word' id='word_1_178' title='bbox 1398 2663 1567 2733; x_wconf 83' lang='lat' dir='ltr'>offerente,</span> <span class='ocrx_word' id='word_1_179' title='bbox 1600 2685 1665 2746; x_wconf 89' lang='lat' dir='ltr'>quo</span> <span class='ocrx_word' id='word_1_180' title='bbox 1697 2685 1761 2726; x_wconf 92' lang='lat' dir='ltr'>non</span> <span class='ocrx_word' id='word_1_181' title='bbox 1787 2675 1961 2726; x_wconf 90' lang='lat' dir='ltr'>contentus</span> 
     </span>
     <span class='ocr_line' id='line_1_20' title="bbox 407 2767 1960 2854; baseline 0.001 -21"><span class='ocrx_word' id='word_1_182' title='bbox 407 2775 478 2853; x_wconf 90' lang='lat' dir='ltr'>ipse</span> <span class='ocrx_word' id='word_1_183' title='bbox 502 2771 585 2834; x_wconf 93' lang='lat' dir='ltr'>dnus</span> <span class='ocrx_word' id='word_1_184' title='bbox 610 2767 813 2851; x_wconf 83' lang='lat' dir='ltr'>Myskowski</span> <span class='ocrx_word' id='word_1_185' title='bbox 838 2769 967 2851; x_wconf 81' lang='lat' dir='ltr'>prefato</span> <span class='ocrx_word' id='word_1_186' title='bbox 991 2769 1115 2832; x_wconf 89' lang='lat' dir='ltr'>Mathie</span> <span class='ocrx_word' id='word_1_187' title='bbox 1139 2789 1253 2834; x_wconf 92' lang='lat' dir='ltr'>manus</span> <span class='ocrx_word' id='word_1_188' title='bbox 1277 2769 1381 2832; x_wconf 91' lang='lat' dir='ltr'>intulit</span> <span class='ocrx_word' id='word_1_189' title='bbox 1407 2771 1435 2832; x_wconf 89' lang='lat' dir='ltr'>in</span> <span class='ocrx_word' id='word_1_190' title='bbox 1462 2771 1601 2842; x_wconf 85' lang='lat' dir='ltr'>maxilla,</span> <span class='ocrx_word' id='word_1_191' title='bbox 1625 2773 1843 2854; x_wconf 88' lang='lat' dir='ltr'>percuciendo</span> <span class='ocrx_word' id='word_1_192' title='bbox 1860 2783 1893 2833; x_wconf 87' lang='lat' dir='ltr'>et</span> <span class='ocrx_word' id='word_1_193' title='bbox 1909 2773 1960 2834; x_wconf 91' lang='lat' dir='ltr'>de·</span> 
     </span>
     <span class='ocr_line' id='line_1_21' title="bbox 407 2877 1961 2961; baseline -0.001 -21"><span class='ocrx_word' id='word_1_194' title='bbox 407 2898 494 2940; x_wconf 93' lang='lat' dir='ltr'>mum</span> <span class='ocrx_word' id='word_1_195' title='bbox 521 2899 578 2958; x_wconf 90' lang='lat' dir='ltr'>per</span> <span class='ocrx_word' id='word_1_196' title='bbox 601 2887 713 2958; x_wconf 84' lang='lat' dir='ltr'>guttur</span> <span class='ocrx_word' id='word_1_197' title='bbox 742 2889 774 2940; x_wconf 92' lang='lat' dir='ltr'>et</span> <span class='ocrx_word' id='word_1_198' title='bbox 797 2879 903 2940; x_wconf 90' lang='lat' dir='ltr'>crines</span> <span class='ocrx_word' id='word_1_199' title='bbox 927 2877 1206 2958; x_wconf 89' lang='lat' dir='ltr'>apprehendendo</span> <span class='ocrx_word' id='word_1_200' title='bbox 1238 2891 1271 2940; x_wconf 93' lang='lat' dir='ltr'>et</span> <span class='ocrx_word' id='word_1_201' title='bbox 1297 2879 1534 2958; x_wconf 86' lang='lat' dir='ltr'>subsequenter</span> <span class='ocrx_word' id='word_1_202' title='bbox 1565 2879 1649 2942; x_wconf 90' lang='lat' dir='ltr'>dnus</span> <span class='ocrx_word' id='word_1_203' title='bbox 1672 2879 1878 2961; x_wconf 85' lang='lat' dir='ltr'>Myskowski</span> <span class='ocrx_word' id='word_1_204' title='bbox 1903 2899 1961 2960; x_wconf 92' lang='lat' dir='ltr'>per</span> 
     </span>
     <span class='ocr_line' id='line_1_22' title="bbox 407 2983 1958 3065; baseline 0 -19"><span class='ocrx_word' id='word_1_205' title='bbox 407 2985 544 3048; x_wconf 88' lang='lat' dir='ltr'>cultrum</span> <span class='ocrx_word' id='word_1_206' title='bbox 568 3003 641 3046; x_wconf 90' lang='lat' dir='ltr'>eum</span> <span class='ocrx_word' id='word_1_207' title='bbox 666 2985 808 3064; x_wconf 88' lang='lat' dir='ltr'>arripuit,</span> <span class='ocrx_word' id='word_1_208' title='bbox 834 2983 959 3046; x_wconf 91' lang='lat' dir='ltr'>Mathia</span> <span class='ocrx_word' id='word_1_209' title='bbox 982 2985 1118 3046; x_wconf 91' lang='lat' dir='ltr'>timente</span> <span class='ocrx_word' id='word_1_210' title='bbox 1142 2983 1319 3065; x_wconf 88' lang='lat' dir='ltr'>periculum</span> <span class='ocrx_word' id='word_1_211' title='bbox 1344 3005 1382 3048; x_wconf 89' lang='lat' dir='ltr'>ac</span> <span class='ocrx_word' id='word_1_212' title='bbox 1398 2983 1503 3046; x_wconf 90' lang='lat' dir='ltr'>eidem</span> <span class='ocrx_word' id='word_1_213' title='bbox 1528 2987 1708 3056; x_wconf 89' lang='lat' dir='ltr'>resistente,</span> <span class='ocrx_word' id='word_1_214' title='bbox 1733 2997 1765 3048; x_wconf 94' lang='lat' dir='ltr'>et</span> <span class='ocrx_word' id='word_1_215' title='bbox 1789 2985 1909 3047; x_wconf 89' lang='lat' dir='ltr'>ibidem</span> <span class='ocrx_word' id='word_1_216' title='bbox 1934 2987 1958 3047; x_wconf 91' lang='lat' dir='ltr'>si</span> 
     </span>
     <span class='ocr_line' id='line_1_23' title="bbox 407 3091 1961 3174; baseline -0.001 -21"><span class='ocrx_word' id='word_1_217' title='bbox 407 3093 483 3172; x_wconf 90' lang='lat' dir='ltr'>quid</span> <span class='ocrx_word' id='word_1_218' title='bbox 507 3093 653 3172; x_wconf 85' lang='lat' dir='ltr'>contigit,</span> <span class='ocrx_word' id='word_1_219' title='bbox 679 3111 722 3154; x_wconf 87' lang='lat' dir='ltr'>ex</span> <span class='ocrx_word' id='word_1_220' title='bbox 746 3091 842 3154; x_wconf 92' lang='lat' dir='ltr'>inicio</span> <span class='ocrx_word' id='word_1_221' title='bbox 866 3092 967 3172; x_wconf 89' lang='lat' dir='ltr'>ipsius</span> <span class='ocrx_word' id='word_1_222' title='bbox 991 3091 1110 3154; x_wconf 88' lang='lat' dir='ltr'>factum</span> <span class='ocrx_word' id='word_1_223' title='bbox 1136 3103 1194 3154; x_wconf 90' lang='lat' dir='ltr'>est.</span> <span class='ocrx_word' id='word_1_224' title='bbox 1225 3092 1346 3153; x_wconf 89' lang='lat' dir='ltr'>Ibidem</span> <span class='ocrx_word' id='word_1_225' title='bbox 1373 3103 1584 3172; x_wconf 83' lang='lat' dir='ltr'>procuratore</span> <span class='ocrx_word' id='word_1_226' title='bbox 1608 3093 1662 3156; x_wconf 92' lang='lat' dir='ltr'>dni</span> <span class='ocrx_word' id='word_1_227' title='bbox 1687 3091 1892 3174; x_wconf 88' lang='lat' dir='ltr'>Myskowski</span> <span class='ocrx_word' id='word_1_228' title='bbox 1917 3094 1961 3156; x_wconf 90' lang='lat' dir='ltr'>di·</span> 
     </span>
     <span class='ocr_line' id='line_1_24' title="bbox 407 3198 1959 3281; baseline 0 -21"><span class='ocrx_word' id='word_1_229' title='bbox 407 3209 511 3270; x_wconf 88' lang='lat' dir='ltr'>cente,</span> <span class='ocrx_word' id='word_1_230' title='bbox 538 3200 627 3280; x_wconf 91' lang='lat' dir='ltr'>quod</span> <span class='ocrx_word' id='word_1_231' title='bbox 650 3209 806 3262; x_wconf 91' lang='lat' dir='ltr'>contenta</span> <span class='ocrx_word' id='word_1_232' title='bbox 829 3201 860 3260; x_wconf 92' lang='lat' dir='ltr'>in</span> <span class='ocrx_word' id='word_1_233' title='bbox 886 3201 1195 3262; x_wconf 87' lang='lat' dir='ltr'>litiscontestacione</span> <span class='ocrx_word' id='word_1_234' title='bbox 1219 3209 1252 3262; x_wconf 90' lang='lat' dir='ltr'>et</span> <span class='ocrx_word' id='word_1_235' title='bbox 1277 3198 1476 3281; x_wconf 83' lang='lat' dir='ltr'>allegacione</span> <span class='ocrx_word' id='word_1_236' title='bbox 1500 3201 1722 3281; x_wconf 88' lang='lat' dir='ltr'>suprascripta</span> <span class='ocrx_word' id='word_1_237' title='bbox 1746 3201 1776 3260; x_wconf 93' lang='lat' dir='ltr'>in</span> <span class='ocrx_word' id='word_1_238' title='bbox 1802 3209 1959 3280; x_wconf 90' lang='lat' dir='ltr'>quantum</span> 
     </span>
     <span class='ocr_line' id='line_1_25' title="bbox 408 3307 1961 3389; baseline 0 -21"><span class='ocrx_word' id='word_1_239' title='bbox 408 3327 468 3389; x_wconf 90' lang='lat' dir='ltr'>pro</span> <span class='ocrx_word' id='word_1_240' title='bbox 492 3319 585 3388; x_wconf 89' lang='lat' dir='ltr'>parte</span> <span class='ocrx_word' id='word_1_241' title='bbox 611 3327 666 3370; x_wconf 81' lang='lat' dir='ltr'>sua</span> <span class='ocrx_word' id='word_1_242' title='bbox 692 3317 725 3369; x_wconf 89' lang='lat' dir='ltr'>et</span> <span class='ocrx_word' id='word_1_243' title='bbox 748 3316 863 3368; x_wconf 91' lang='lat' dir='ltr'>contra</span> <span class='ocrx_word' id='word_1_244' title='bbox 888 3317 1013 3388; x_wconf 90' lang='lat' dir='ltr'>partem</span> <span class='ocrx_word' id='word_1_245' title='bbox 1038 3307 1209 3368; x_wconf 88' lang='lat' dir='ltr'>adversam</span> <span class='ocrx_word' id='word_1_246' title='bbox 1234 3318 1266 3367; x_wconf 89' lang='lat' dir='ltr'>et</span> <span class='ocrx_word' id='word_1_247' title='bbox 1292 3327 1356 3368; x_wconf 93' lang='lat' dir='ltr'>non</span> <span class='ocrx_word' id='word_1_248' title='bbox 1373 3308 1452 3370; x_wconf 89' lang='lat' dir='ltr'>alias</span> <span class='ocrx_word' id='word_1_249' title='bbox 1475 3318 1627 3389; x_wconf 85' lang='lat' dir='ltr'>acceptat</span> <span class='ocrx_word' id='word_1_250' title='bbox 1652 3317 1685 3368; x_wconf 94' lang='lat' dir='ltr'>et</span> <span class='ocrx_word' id='word_1_251' title='bbox 1709 3327 1768 3386; x_wconf 91' lang='lat' dir='ltr'>pro</span> <span class='ocrx_word' id='word_1_252' title='bbox 1793 3317 1887 3389; x_wconf 87' lang='lat' dir='ltr'>parte</span> <span class='ocrx_word' id='word_1_253' title='bbox 1903 3325 1961 3368; x_wconf 87' lang='lat' dir='ltr'>sua</span> 
     </span>
     <span class='ocr_line' id='line_1_26' title="bbox 408 3412 1960 3494; baseline -0.001 -19"><span class='ocrx_word' id='word_1_254' title='bbox 408 3416 535 3494; x_wconf 90' lang='lat' dir='ltr'>repetit,</span> <span class='ocrx_word' id='word_1_255' title='bbox 559 3417 591 3476; x_wconf 92' lang='lat' dir='ltr'>in</span> <span class='ocrx_word' id='word_1_256' title='bbox 615 3424 772 3494; x_wconf 89' lang='lat' dir='ltr'>quantum</span> <span class='ocrx_word' id='word_1_257' title='bbox 797 3427 917 3494; x_wconf 84' lang='lat' dir='ltr'>negata</span> <span class='ocrx_word' id='word_1_258' title='bbox 941 3412 1067 3488; x_wconf 84' lang='lat' dir='ltr'>luerint,</span> <span class='ocrx_word' id='word_1_259' title='bbox 1093 3415 1208 3494; x_wconf 90' lang='lat' dir='ltr'>petivit</span> <span class='ocrx_word' id='word_1_260' title='bbox 1232 3434 1267 3476; x_wconf 87' lang='lat' dir='ltr'>se</span> <span class='ocrx_word' id='word_1_261' title='bbox 1292 3415 1332 3476; x_wconf 90' lang='lat' dir='ltr'>ad</span> <span class='ocrx_word' id='word_1_262' title='bbox 1359 3414 1563 3494; x_wconf 90' lang='lat' dir='ltr'>probandum</span> <span class='ocrx_word' id='word_1_263' title='bbox 1589 3414 1728 3492; x_wconf 81' lang='lat' dir='ltr'>admitti3</span> <span class='ocrx_word' id='word_1_264' title='bbox 1752 3423 1785 3476; x_wconf 87' lang='lat' dir='ltr'>et</span> <span class='ocrx_word' id='word_1_265' title='bbox 1809 3414 1960 3476; x_wconf 90' lang='lat' dir='ltr'>dominus</span> 
     </span>
     <span class='ocr_line' id='line_1_27' title="bbox 407 3521 569 3584; baseline 0.012 -2"><span class='ocrx_word' id='word_1_266' title='bbox 407 3521 569 3584; x_wconf 90' lang='lat' dir='ltr'>admisit..</span> 
     </span>
    </p>
   </div>
   <div class='ocr_carea' id='block_1_2' title="bbox 621 3713 1655 3796">
    <p class='ocr_par' dir='ltr' id='par_1_5' title="bbox 621 3713 1655 3796">
     <span class='ocr_line' id='line_1_28' title="bbox 621 3713 1655 3796; baseline -0.001 -20"><span class='ocrx_word' id='word_1_267' title='bbox 621 3713 663 3776; x_wconf 90' lang='lat' dir='ltr'>A.</span> <span class='ocrx_word' id='word_1_268' title='bbox 693 3731 783 3794; x_wconf 82' lang='lat'>1499,</span> <span class='ocrx_word' id='word_1_269' title='bbox 812 3715 951 3796; x_wconf 79' lang='lat' dir='ltr'>Augusti</span> <span class='ocrx_word' id='word_1_270' title='bbox 977 3716 1027 3788; x_wconf 90' lang='lat'>26,</span> <span class='ocrx_word' id='word_1_271' title='bbox 1053 3716 1084 3776; x_wconf 93' lang='lat' dir='ltr'>in</span> <span class='ocrx_word' id='word_1_272' title='bbox 1110 3714 1277 3778; x_wconf 87' lang='lat' dir='ltr'>Poltowsk</span> <span class='ocrx_word' id='word_1_273' title='bbox 1301 3717 1332 3776; x_wconf 93' lang='lat' dir='ltr'>in</span> <span class='ocrx_word' id='word_1_274' title='bbox 1356 3717 1443 3777; x_wconf 89' lang='lat' dir='ltr'>curia</span> <span class='ocrx_word' id='word_1_275' title='bbox 1467 3715 1655 3796; x_wconf 90' lang='lat' dir='ltr'>episcopali.</span> 
     </span>
    </p>
   </div>
   <div class='ocr_carea' id='block_1_3' title="bbox 407 3836 1960 4671">
    <p class='ocr_par' dir='ltr' id='par_1_6' title="bbox 407 3836 1960 4671">
     <span class='ocr_line' id='line_1_29' title="bbox 520 3836 1959 3922; baseline -0.004 -18"><span class='ocrx_word' id='word_1_276' title='bbox 520 3836 603 3906; x_wconf 80' lang='lat'>179.</span> <span class='ocrx_word' id='word_1_277' title='bbox 627 3837 726 3920; x_wconf 85' lang='lat' dir='ltr'>(Acta</span> <span class='ocrx_word' id='word_1_278' title='bbox 743 3841 840 3920; x_wconf 90' lang='lat' dir='ltr'>episc.</span> <span class='ocrx_word' id='word_1_279' title='bbox 856 3837 961 3918; x_wconf 78' lang='lat' dir='ltr'>Vlll..</span> <span class='ocrx_word' id='word_1_280' title='bbox 986 3838 1113 3902; x_wconf 91' lang='lat' dir='ltr'>Nobilis</span> <span class='ocrx_word' id='word_1_281' title='bbox 1136 3839 1273 3903; x_wconf 88' lang='lat' dir='ltr'>Iacobus</span> <span class='ocrx_word' id='word_1_282' title='bbox 1296 3840 1337 3902; x_wconf 88' lang='lat' dir='ltr'>de</span> <span class='ocrx_word' id='word_1_283' title='bbox 1353 3839 1491 3922; x_wconf 90' lang='lat' dir='ltr'>Nyczko</span> <span class='ocrx_word' id='word_1_284' title='bbox 1515 3849 1628 3902; x_wconf 86' lang='lat' dir='ltr'>contra</span> <span class='ocrx_word' id='word_1_285' title='bbox 1651 3838 1766 3901; x_wconf 91' lang='lat' dir='ltr'>honor.</span> <span class='ocrx_word' id='word_1_286' title='bbox 1791 3837 1959 3900; x_wconf 86' lang='lat' dir='ltr'>Nicolaum</span> 
     </span>
     <span class='ocr_line' id='line_1_30' title="bbox 407 3946 1960 4028; baseline -0.001 -20"><span class='ocrx_word' id='word_1_287' title='bbox 407 3947 581 4028; x_wconf 87' lang='lat' dir='ltr'>plebanum</span> <span class='ocrx_word' id='word_1_288' title='bbox 606 3948 648 4009; x_wconf 89' lang='lat' dir='ltr'>de</span> <span class='ocrx_word' id='word_1_289' title='bbox 672 3946 791 4008; x_wconf 91' lang='lat' dir='ltr'>ibidem</span> <span class='ocrx_word' id='word_1_290' title='bbox 818 3947 997 4027; x_wconf 90' lang='lat' dir='ltr'>proposuit,</span> <span class='ocrx_word' id='word_1_291' title='bbox 1022 3947 1189 4027; x_wconf 93' lang='lat' dir='ltr'>quomodo</span> <span class='ocrx_word' id='word_1_292' title='bbox 1213 3967 1299 4008; x_wconf 86' lang='lat' dir='ltr'>anno</span> <span class='ocrx_word' id='word_1_293' title='bbox 1323 3950 1475 4022; x_wconf 88' lang='lat' dir='ltr'>currenti,</span> <span class='ocrx_word' id='word_1_294' title='bbox 1500 3967 1612 4010; x_wconf 89' lang='lat' dir='ltr'>mense</span> <span class='ocrx_word' id='word_1_295' title='bbox 1637 3955 1668 4009; x_wconf 85' lang='lat' dir='ltr'>cl</span> <span class='ocrx_word' id='word_1_296' title='bbox 1692 3946 1745 4008; x_wconf 90' lang='lat' dir='ltr'>die</span> <span class='ocrx_word' id='word_1_297' title='bbox 1769 3949 1867 4008; x_wconf 90' lang='lat' dir='ltr'>certis</span> <span class='ocrx_word' id='word_1_298' title='bbox 1889 3947 1960 4026; x_wconf 91' lang='lat' dir='ltr'>ipse</span> 
     </span>
     <span class='ocr_line' id='line_1_31' title="bbox 407 4052 1960 4135; baseline 0 -21"><span class='ocrx_word' id='word_1_299' title='bbox 407 4055 567 4135; x_wconf 86' lang='lat' dir='ltr'>plebanus</span> <span class='ocrx_word' id='word_1_300' title='bbox 599 4053 759 4133; x_wconf 89' lang='lat' dir='ltr'>prefatum</span> <span class='ocrx_word' id='word_1_301' title='bbox 792 4052 932 4116; x_wconf 89' lang='lat' dir='ltr'>nobilem</span> <span class='ocrx_word' id='word_1_302' title='bbox 965 4053 1164 4135; x_wconf 79' lang='lat' dir='ltr'>infamasset,</span> <span class='ocrx_word' id='word_1_303' title='bbox 1196 4075 1346 4118; x_wconf 88' lang='lat' dir='ltr'>asserens</span> <span class='ocrx_word' id='word_1_304' title='bbox 1378 4056 1436 4116; x_wconf 90' lang='lat' dir='ltr'>sibi</span> <span class='ocrx_word' id='word_1_305' title='bbox 1470 4075 1603 4116; x_wconf 86' lang='lat' dir='ltr'>vaccam</span> <span class='ocrx_word' id='word_1_306' title='bbox 1636 4053 1772 4116; x_wconf 84' lang='lat' dir='ltr'>iuratam</span> <span class='ocrx_word' id='word_1_307' title='bbox 1806 4052 1904 4114; x_wconf 83' lang='lat' dir='ltr'>fuisse</span> <span class='ocrx_word' id='word_1_308' title='bbox 1928 4062 1960 4114; x_wconf 91' lang='lat' dir='ltr'>et</span> 
     </span>
     <span class='ocr_line' id='line_1_32' title="bbox 408 4160 1960 4244; baseline -0.003 -20"><span class='ocrx_word' id='word_1_309' title='bbox 408 4161 621 4243; x_wconf 91' lang='lat' dir='ltr'>provocando</span> <span class='ocrx_word' id='word_1_310' title='bbox 646 4163 784 4224; x_wconf 89' lang='lat' dir='ltr'>eundern</span> <span class='ocrx_word' id='word_1_311' title='bbox 810 4160 851 4222; x_wconf 93' lang='lat' dir='ltr'>ad</span> <span class='ocrx_word' id='word_1_312' title='bbox 875 4163 953 4222; x_wconf 86' lang='lat' dir='ltr'>iram</span> <span class='ocrx_word' id='word_1_313' title='bbox 978 4181 1016 4224; x_wconf 89' lang='lat' dir='ltr'>ac</span> <span class='ocrx_word' id='word_1_314' title='bbox 1041 4163 1282 4244; x_wconf 91' lang='lat' dir='ltr'>levipendendo</span> <span class='ocrx_word' id='word_1_315' title='bbox 1314 4183 1386 4224; x_wconf 90' lang='lat' dir='ltr'>cum</span> <span class='ocrx_word' id='word_1_316' title='bbox 1410 4163 1557 4226; x_wconf 87' lang='lat' dir='ltr'>motione</span> <span class='ocrx_word' id='word_1_317' title='bbox 1579 4163 1696 4242; x_wconf 90' lang='lat' dir='ltr'>capitis</span> <span class='ocrx_word' id='word_1_318' title='bbox 1719 4163 1767 4224; x_wconf 90' lang='lat' dir='ltr'>sui</span> <span class='ocrx_word' id='word_1_319' title='bbox 1791 4163 1905 4242; x_wconf 89' lang='lat' dir='ltr'>expuit</span> <span class='ocrx_word' id='word_1_320' title='bbox 1928 4161 1960 4220; x_wconf 94' lang='lat' dir='ltr'>in</span> 
     </span>
     <span class='ocr_line' id='line_1_33' title="bbox 407 4267 1960 4347; baseline -0.002 -16"><span class='ocrx_word' id='word_1_321' title='bbox 407 4281 526 4331; x_wconf 86' lang='lat' dir='ltr'>terram</span> <span class='ocrx_word' id='word_1_322' title='bbox 551 4267 767 4330; x_wconf 88' lang='lat' dir='ltr'>succlamans:</span> <span class='ocrx_word' id='word_1_323' title='bbox 793 4268 849 4329; x_wconf 79' lang='lat' dir='ltr'>»Pi</span> <span class='ocrx_word' id='word_1_324' title='bbox 875 4271 905 4347; x_wconf 84' lang='lat' dir='ltr'>pi</span> <span class='ocrx_word' id='word_1_325' title='bbox 930 4267 1134 4340; x_wconf 82' lang='lat' dir='ltr'>collatores«,</span> <span class='ocrx_word' id='word_1_326' title='bbox 1158 4271 1321 4332; x_wconf 88' lang='lat' dir='ltr'>extimans</span> <span class='ocrx_word' id='word_1_327' title='bbox 1345 4271 1490 4332; x_wconf 91' lang='lat' dir='ltr'>iniuriam</span> <span class='ocrx_word' id='word_1_328' title='bbox 1515 4269 1600 4332; x_wconf 88' lang='lat' dir='ltr'>adC</span> <span class='ocrx_word' id='word_1_329' title='bbox 1625 4269 1770 4342; x_wconf 89' lang='lat' dir='ltr'>ducatos,</span> <span class='ocrx_word' id='word_1_330' title='bbox 1795 4267 1960 4347; x_wconf 89' lang='lat' dir='ltr'>inquibus</span> 
     </span>
     <span class='ocr_line' id='line_1_34' title="bbox 407 4373 1959 4458; baseline -0.001 -20"><span class='ocrx_word' id='word_1_331' title='bbox 407 4377 545 4438; x_wconf 91' lang='lat' dir='ltr'>eundem</span> <span class='ocrx_word' id='word_1_332' title='bbox 571 4375 803 4456; x_wconf 88' lang='lat' dir='ltr'>condempnari</span> <span class='ocrx_word' id='word_1_333' title='bbox 821 4377 944 4456; x_wconf 90' lang='lat' dir='ltr'>petivit.</span> <span class='ocrx_word' id='word_1_334' title='bbox 970 4375 1021 4436; x_wconf 87' lang='lat' dir='ltr'>Ex</span> <span class='ocrx_word' id='word_1_335' title='bbox 1038 4376 1176 4438; x_wconf 85' lang='lat' dir='ltr'>adverso</span> <span class='ocrx_word' id='word_1_336' title='bbox 1201 4376 1342 4458; x_wconf 90' lang='lat' dir='ltr'>plebano</span> <span class='ocrx_word' id='word_1_337' title='bbox 1366 4386 1507 4458; x_wconf 87' lang='lat' dir='ltr'>negante</span> <span class='ocrx_word' id='word_1_338' title='bbox 1531 4375 1685 4455; x_wconf 92' lang='lat' dir='ltr'>probabit</span> <span class='ocrx_word' id='word_1_339' title='bbox 1708 4373 1837 4452; x_wconf 90' lang='lat' dir='ltr'>nobilis;</span> <span class='ocrx_word' id='word_1_340' title='bbox 1861 4385 1895 4436; x_wconf 88' lang='lat' dir='ltr'>et</span> <span class='ocrx_word' id='word_1_341' title='bbox 1917 4375 1959 4436; x_wconf 93' lang='lat' dir='ltr'>in·</span> 
     </span>
     <span class='ocr_line' id='line_1_35' title="bbox 407 4481 1958 4564; baseline -0.001 -19"><span class='ocrx_word' id='word_1_342' title='bbox 407 4483 587 4545; x_wconf 87' lang='lat' dir='ltr'>continenti</span> <span class='ocrx_word' id='word_1_343' title='bbox 612 4482 769 4560; x_wconf 88' lang='lat' dir='ltr'>plebanus</span> <span class='ocrx_word' id='word_1_344' title='bbox 800 4481 969 4544; x_wconf 83' lang='lat' dir='ltr'>consessus</span> <span class='ocrx_word' id='word_1_345' title='bbox 993 4493 1044 4544; x_wconf 91' lang='lat' dir='ltr'>est</span> <span class='ocrx_word' id='word_1_346' title='bbox 1068 4483 1127 4545; x_wconf 94' lang='lat' dir='ltr'>sibi</span> <span class='ocrx_word' id='word_1_347' title='bbox 1151 4481 1352 4546; x_wconf 85' lang='lat' dir='ltr'>satisfactum</span> <span class='ocrx_word' id='word_1_348' title='bbox 1384 4482 1483 4545; x_wconf 83' lang='lat' dir='ltr'>luisse</span> <span class='ocrx_word' id='word_1_349' title='bbox 1513 4504 1573 4564; x_wconf 92' lang='lat' dir='ltr'>pro</span> <span class='ocrx_word' id='word_1_350' title='bbox 1598 4504 1705 4556; x_wconf 85' lang='lat' dir='ltr'>vacca,</span> <span class='ocrx_word' id='word_1_351' title='bbox 1736 4503 1833 4562; x_wconf 90' lang='lat' dir='ltr'>quam</span> <span class='ocrx_word' id='word_1_352' title='bbox 1856 4484 1958 4545; x_wconf 87' lang='lat' dir='ltr'>eciam</span> 
     </span>
     <span class='ocr_line' id='line_1_36' title="bbox 408 4589 1707 4671; baseline 0.001 -20"><span class='ocrx_word' id='word_1_353' title='bbox 408 4589 666 4653; x_wconf 88' lang='lat' dir='ltr'>reconveniendo</span> <span class='ocrx_word' id='word_1_354' title='bbox 691 4590 834 4671; x_wconf 87' lang='lat' dir='ltr'>petebat.</span> <span class='ocrx_word' id='word_1_355' title='bbox 861 4590 964 4652; x_wconf 90' lang='lat' dir='ltr'>Rmus</span> <span class='ocrx_word' id='word_1_356' title='bbox 988 4591 1070 4653; x_wconf 92' lang='lat' dir='ltr'>dnus</span> <span class='ocrx_word' id='word_1_357' title='bbox 1094 4590 1236 4652; x_wconf 88' lang='lat' dir='ltr'>nobilem</span> <span class='ocrx_word' id='word_1_358' title='bbox 1261 4591 1302 4652; x_wconf 86' lang='lat' dir='ltr'>ab</span> <span class='ocrx_word' id='word_1_359' title='bbox 1326 4591 1535 4670; x_wconf 91' lang='lat' dir='ltr'>impeticione</span> <span class='ocrx_word' id='word_1_360' title='bbox 1559 4590 1707 4653; x_wconf 89' lang='lat' dir='ltr'>absolvit.</span> 
     </span>
    </p>
   </div>
   <div class='ocr_carea' id='block_1_4' title="bbox 621 4781 1769 4867">
    <p class='ocr_par' dir='ltr' id='par_1_7' title="bbox 621 4781 1769 4867">
     <span class='ocr_line' id='line_1_37' title="bbox 621 4781 1769 4867; baseline 0 -23"><span class='ocrx_word' id='word_1_361' title='bbox 621 4782 662 4844; x_wconf 88' lang='lat' dir='ltr'>A.</span> <span class='ocrx_word' id='word_1_362' title='bbox 694 4799 784 4860; x_wconf 86' lang='lat'>1499.</span> <span class='ocrx_word' id='word_1_363' title='bbox 808 4781 1012 4862; x_wconf 83' lang='lat' dir='ltr'>Septembris</span> <span class='ocrx_word' id='word_1_364' title='bbox 1035 4801 1065 4860; x_wconf 88' lang='lat'>4,</span> <span class='ocrx_word' id='word_1_365' title='bbox 1090 4786 1121 4843; x_wconf 92' lang='lat' dir='ltr'>in</span> <span class='ocrx_word' id='word_1_366' title='bbox 1147 4782 1392 4867; x_wconf 87' lang='lat' dir='ltr'>Czyrwyensko</span> <span class='ocrx_word' id='word_1_367' title='bbox 1416 4785 1447 4846; x_wconf 89' lang='lat' dir='ltr'>in</span> <span class='ocrx_word' id='word_1_368' title='bbox 1471 4786 1560 4846; x_wconf 91' lang='lat' dir='ltr'>curia</span> <span class='ocrx_word' id='word_1_369' title='bbox 1583 4782 1769 4864; x_wconf 90' lang='lat' dir='ltr'>episcopali.</span> 
     </span>
    </p>
   </div>
   <div class='ocr_carea' id='block_1_5' title="bbox 407 4885 1960 5730">
    <p class='ocr_par' dir='ltr' id='par_1_8' title="bbox 407 4885 1960 5204">
     <span class='ocr_line' id='line_1_38' title="bbox 518 4885 1960 4989; baseline -0.004 -17"><span class='ocrx_word' id='word_1_370' title='bbox 518 4903 605 4972; x_wconf 85' lang='lat'>180.</span> <span class='ocrx_word' id='word_1_371' title='bbox 630 4907 728 4986; x_wconf 89' lang='lat' dir='ltr'>(Acta</span> <span class='ocrx_word' id='word_1_372' title='bbox 753 4910 850 4988; x_wconf 88' lang='lat' dir='ltr'>episc.</span> <span class='ocrx_word' id='word_1_373' title='bbox 875 4907 953 4988; x_wconf 79' lang='lat' dir='ltr'>Ial..</span> <span class='ocrx_word' id='word_1_374' title='bbox 978 4907 1169 4970; x_wconf 89' lang='lat' dir='ltr'>Testes..</span> <span class='ocrx_word' id='word_1_375' title='bbox 1195 4929 1253 4987; x_wconf 86' lang='lat' dir='ltr'>pro</span> <span class='ocrx_word' id='word_1_376' title='bbox 1279 4921 1370 4989; x_wconf 88' lang='lat' dir='ltr'>parte</span> <span class='ocrx_word' id='word_1_377' title='bbox 1394 4907 1506 4971; x_wconf 90' lang='lat' dir='ltr'>honor.</span> <span class='ocrx_word' id='word_1_378' title='bbox 1524 4885 1667 4970; x_wconf 86' lang='lat' dir='ltr'>Andrce</span> <span class='ocrx_word' id='word_1_379' title='bbox 1692 4907 1821 4988; x_wconf 88' lang='lat' dir='ltr'>plebani</span> <span class='ocrx_word' id='word_1_380' title='bbox 1845 4909 1877 4968; x_wconf 91' lang='lat' dir='ltr'>in</span> <span class='ocrx_word' id='word_1_381' title='bbox 1902 4909 1960 4970; x_wconf 86' lang='lat' dir='ltr'>Ca·</span> 
     </span>
     <span class='ocr_line' id='line_1_39' title="bbox 407 5013 1960 5096; baseline -0.001 -20"><span class='ocrx_word' id='word_1_382' title='bbox 407 5035 589 5096; x_wconf 88' lang='lat' dir='ltr'>myenycza</span> <span class='ocrx_word' id='word_1_383' title='bbox 612 5017 786 5077; x_wconf 91' lang='lat' dir='ltr'>occasione</span> <span class='ocrx_word' id='word_1_384' title='bbox 810 5015 1005 5076; x_wconf 89' lang='lat' dir='ltr'>decimarum</span> <span class='ocrx_word' id='word_1_385' title='bbox 1031 5014 1220 5094; x_wconf 90' lang='lat' dir='ltr'>predialium</span> <span class='ocrx_word' id='word_1_386' title='bbox 1245 5015 1368 5076; x_wconf 89' lang='lat' dir='ltr'>invilla</span> <span class='ocrx_word' id='word_1_387' title='bbox 1393 5013 1571 5078; x_wconf 89' lang='lat' dir='ltr'>Dlothowo</span> <span class='ocrx_word' id='word_1_388' title='bbox 1596 5013 1861 5096; x_wconf 83' lang='lat' dir='ltr'>Lyczlrowslry..</span> <span class='ocrx_word' id='word_1_389' title='bbox 1886 5033 1960 5076; x_wconf 86' lang='lat' dir='ltr'>exa·</span> 
     </span>
     <span class='ocr_line' id='line_1_40' title="bbox 408 5119 1489 5204; baseline 0.002 -22"><span class='ocrx_word' id='word_1_390' title='bbox 408 5123 518 5183; x_wconf 89' lang='lat' dir='ltr'>minati</span> <span class='ocrx_word' id='word_1_391' title='bbox 543 5131 576 5182; x_wconf 94' lang='lat' dir='ltr'>et</span> <span class='ocrx_word' id='word_1_392' title='bbox 600 5121 714 5201; x_wconf 90' lang='lat' dir='ltr'>prim0,</span> <span class='ocrx_word' id='word_1_393' title='bbox 739 5123 840 5183; x_wconf 88' lang='lat' dir='ltr'>eciam</span> <span class='ocrx_word' id='word_1_394' title='bbox 864 5132 897 5182; x_wconf 91' lang='lat' dir='ltr'>et</span> <span class='ocrx_word' id='word_1_395' title='bbox 921 5119 979 5204; x_wconf 79' lang='lat' dir='ltr'>[in]</span> <span class='ocrx_word' id='word_1_396' title='bbox 996 5120 1184 5184; x_wconf 88' lang='lat' dir='ltr'>Naborowo</span> <span class='ocrx_word' id='word_1_397' title='bbox 1209 5123 1249 5183; x_wconf 92' lang='lat' dir='ltr'>de</span> <span class='ocrx_word' id='word_1_398' title='bbox 1274 5143 1338 5184; x_wconf 91' lang='lat' dir='ltr'>uno</span> <span class='ocrx_word' id='word_1_399' title='bbox 1361 5141 1489 5185; x_wconf 90' lang='lat' dir='ltr'>manso:</span> 
     </span>
    </p>

    <p class='ocr_par' dir='ltr' id='par_1_9' title="bbox 407 5227 1960 5730">
     <span class='ocr_line' id='line_1_41' title="bbox 514 5227 1960 5292; baseline -0.001 -3"><span class='ocrx_word' id='word_1_400' title='bbox 514 5228 677 5290; x_wconf 91' lang='lat' dir='ltr'>Primus</span> <span class='ocrx_word' id='word_1_401' title='bbox 714 5231 806 5290; x_wconf 91' lang='lat' dir='ltr'>testis</span> <span class='ocrx_word' id='word_1_402' title='bbox 838 5227 1020 5290; x_wconf 88' lang='lat' dir='ltr'>laboriosus</span> <span class='ocrx_word' id='word_1_403' title='bbox 1052 5228 1206 5291; x_wconf 90' lang='lat' dir='ltr'>Nicolaus</span> <span class='ocrx_word' id='word_1_404' title='bbox 1240 5229 1380 5291; x_wconf 87' lang='lat' dir='ltr'>Phabian</span> <span class='ocrx_word' id='word_1_405' title='bbox 1412 5229 1452 5290; x_wconf 87' lang='lat' dir='ltr'>de</span> <span class='ocrx_word' id='word_1_406' title='bbox 1478 5227 1654 5292; x_wconf 92' lang='lat' dir='ltr'>Dlothowo</span> <span class='ocrx_word' id='word_1_407' title='bbox 1686 5227 1960 5292; x_wconf 88' lang='lat' dir='ltr'>Stroscbewski..</span> 
     </span>
     <span class='ocr_line' id='line_1_42' title="bbox 407 5333 1959 5416; baseline 0 -18"><span class='ocrx_word' id='word_1_408' title='bbox 407 5337 637 5416; x_wconf 84' lang='lat' dir='ltr'>interrogatus,</span> <span class='ocrx_word' id='word_1_409' title='bbox 662 5335 739 5414; x_wconf 94' lang='lat' dir='ltr'>quid</span> <span class='ocrx_word' id='word_1_410' title='bbox 764 5335 824 5396; x_wconf 91' lang='lat' dir='ltr'>sibi</span> <span class='ocrx_word' id='word_1_411' title='bbox 849 5343 1013 5397; x_wconf 89' lang='lat' dir='ltr'>constaret</span> <span class='ocrx_word' id='word_1_412' title='bbox 1037 5334 1078 5396; x_wconf 91' lang='lat' dir='ltr'>de</span> <span class='ocrx_word' id='word_1_413' title='bbox 1102 5334 1237 5398; x_wconf 90' lang='lat' dir='ltr'>decimis</span> <span class='ocrx_word' id='word_1_414' title='bbox 1261 5336 1526 5398; x_wconf 88' lang='lat' dir='ltr'>excrescentibus</span> <span class='ocrx_word' id='word_1_415' title='bbox 1549 5338 1581 5397; x_wconf 91' lang='lat' dir='ltr'>in</span> <span class='ocrx_word' id='word_1_416' title='bbox 1598 5337 1684 5416; x_wconf 81' lang='lat' dir='ltr'>agris</span> <span class='ocrx_word' id='word_1_417' title='bbox 1710 5337 1797 5415; x_wconf 89' lang='lat' dir='ltr'>parvi</span> <span class='ocrx_word' id='word_1_418' title='bbox 1824 5333 1959 5398; x_wconf 89' lang='lat' dir='ltr'>Dlotho-</span> 
     </span>
     <span class='ocr_line' id='line_1_43' title="bbox 408 5440 1959 5524; baseline -0.003 -19"><span class='ocrx_word' id='word_1_419' title='bbox 408 5463 468 5518; x_wconf 91' lang='lat' dir='ltr'>wo,</span> <span class='ocrx_word' id='word_1_420' title='bbox 493 5461 589 5523; x_wconf 89' lang='lat' dir='ltr'>quam</span> <span class='ocrx_word' id='word_1_421' title='bbox 614 5442 714 5503; x_wconf 93' lang='lat' dir='ltr'>modo</span> <span class='ocrx_word' id='word_1_422' title='bbox 739 5441 886 5522; x_wconf 83' lang='lat' dir='ltr'>possidet</span> <span class='ocrx_word' id='word_1_423' title='bbox 910 5440 973 5503; x_wconf 91' lang='lat' dir='ltr'>dna</span> <span class='ocrx_word' id='word_1_424' title='bbox 991 5441 1216 5510; x_wconf 78' lang='lat' dir='ltr'>Liczkowslra.</span> <span class='ocrx_word' id='word_1_425' title='bbox 1240 5446 1330 5506; x_wconf 89' lang='lat' dir='ltr'>cuius</span> <span class='ocrx_word' id='word_1_426' title='bbox 1355 5443 1412 5506; x_wconf 86' lang='lat' dir='ltr'>luit</span> <span class='ocrx_word' id='word_1_427' title='bbox 1428 5454 1485 5506; x_wconf 88' lang='lat' dir='ltr'>aut</span> <span class='ocrx_word' id='word_1_428' title='bbox 1510 5442 1646 5524; x_wconf 83' lang='lat' dir='ltr'>luerunt,</span> <span class='ocrx_word' id='word_1_429' title='bbox 1669 5441 1846 5522; x_wconf 91' lang='lat' dir='ltr'>respondit,</span> <span class='ocrx_word' id='word_1_430' title='bbox 1872 5440 1959 5521; x_wconf 91' lang='lat' dir='ltr'>quod</span> 
     </span>
     <span class='ocr_line' id='line_1_44' title="bbox 408 5547 1959 5631; baseline 0.001 -20"><span class='ocrx_word' id='word_1_431' title='bbox 408 5571 427 5612; x_wconf 90' lang='lat' dir='ltr'>a</span> <span class='ocrx_word' id='word_1_432' title='bbox 451 5551 556 5631; x_wconf 90' lang='lat' dir='ltr'>prima</span> <span class='ocrx_word' id='word_1_433' title='bbox 587 5549 635 5611; x_wconf 92' lang='lat' dir='ltr'>sui</span> <span class='ocrx_word' id='word_1_434' title='bbox 659 5551 817 5612; x_wconf 88' lang='lat' dir='ltr'>memoria</span> <span class='ocrx_word' id='word_1_435' title='bbox 852 5547 980 5612; x_wconf 83' lang='lat' dir='ltr'>luerunt</span> <span class='ocrx_word' id='word_1_436' title='bbox 1013 5569 1143 5612; x_wconf 88' lang='lat' dir='ltr'>mansus</span> <span class='ocrx_word' id='word_1_437' title='bbox 1174 5571 1247 5612; x_wconf 92' lang='lat' dir='ltr'>cum</span> <span class='ocrx_word' id='word_1_438' title='bbox 1271 5550 1380 5612; x_wconf 93' lang='lat' dir='ltr'>medio</span> <span class='ocrx_word' id='word_1_439' title='bbox 1412 5551 1509 5613; x_wconf 92' lang='lat' dir='ltr'>locati</span> <span class='ocrx_word' id='word_1_440' title='bbox 1534 5549 1775 5618; x_wconf 88' lang='lat' dir='ltr'>kmethonibus,</span> <span class='ocrx_word' id='word_1_441' title='bbox 1810 5549 1959 5613; x_wconf 85' lang='lat' dir='ltr'>videlicet</span> 
     </span>
     <span class='ocr_line' id='line_1_45' title="bbox 408 5654 1959 5730; baseline -0.002 -10"><span class='ocrx_word' id='word_1_442' title='bbox 408 5655 572 5720; x_wconf 88' lang='lat' dir='ltr'>Stanislao</span> <span class='ocrx_word' id='word_1_443' title='bbox 589 5654 753 5730; x_wconf 90' lang='lat' dir='ltr'>Cholewa,</span> <span class='ocrx_word' id='word_1_444' title='bbox 778 5656 919 5718; x_wconf 88' lang='lat' dir='ltr'>Martino</span> <span class='ocrx_word' id='word_1_445' title='bbox 936 5655 1085 5729; x_wconf 82' lang='lat' dir='ltr'>Bethllra,</span> <span class='ocrx_word' id='word_1_446' title='bbox 1109 5678 1191 5719; x_wconf 90' lang='lat' dir='ltr'>unus</span> <span class='ocrx_word' id='word_1_447' title='bbox 1215 5659 1246 5718; x_wconf 93' lang='lat' dir='ltr'>in</span> <span class='ocrx_word' id='word_1_448' title='bbox 1263 5677 1378 5720; x_wconf 91' lang='lat' dir='ltr'>manso</span> <span class='ocrx_word' id='word_1_449' title='bbox 1402 5655 1553 5721; x_wconf 88' lang='lat' dir='ltr'>videlicet</span> <span class='ocrx_word' id='word_1_450' title='bbox 1571 5657 1729 5720; x_wconf 88' lang='lat' dir='ltr'>Martinus</span> <span class='ocrx_word' id='word_1_451' title='bbox 1752 5659 1832 5721; x_wconf 89' lang='lat' dir='ltr'>etin</span> <span class='ocrx_word' id='word_1_452' title='bbox 1850 5656 1959 5720; x_wconf 87' lang='lat' dir='ltr'>medio</span> 
     </span>
    </p>
   </div>
   <div class='ocr_carea' id='block_1_6' title="bbox 0 0 2202 6672">
    <p class='ocr_par' dir='ltr' id='par_1_10' title="bbox 0 0 2202 6672">
     <span class='ocr_line' id='line_1_46' title="bbox 0 0 2202 6672; baseline 0 0"><span class='ocrx_word' id='word_1_453' title='bbox 0 0 2202 6672; x_wconf 95' lang='lat' dir='ltr'> </span> 
     </span>
    </p>
   </div>
  </div>
 </body>
</html>
