4392 6672
906 681 994 734 ANNI
1015 681 1092 738 1466.

536 777 714 784 -ῌ--μ
726 777 751 783 ..-
764 777 793 783 -.
814 777 1385 784 —-—-.--—-—-—-.-——-—--———....
1398 777 1411 782 .-
1428 775 1560 783 ...m-...—

436 899 478 961 A.
508 899 599 976 1466,
623 899 731 962 Martii
756 915 784 974 2,
809 900 839 961 in
864 897 1034 962 Poltowsk
1057 901 1089 960 in
1113 901 1201 961 curia
1225 897 1412 980 episcopali.

331 1001 393 1070 59.
429 1005 527 1084 (Acta
551 1009 650 1088 episc.
675 1009 731 1089 1)..
767 1007 936 1070 Discretus
967 1007 1117 1086 Mathias,
1147 1006 1309 1086 presbiter
1339 1007 1476 1066 vicarius
1507 1006 1548 1068 de
1577 1007 1776 1078 Redzilowo.

223 1131 367 1174 coram..
391 1114 457 1176 dno
482 1112 625 1176 Stiborio
657 1117 817 1195 episcopo
842 1114 990 1176 Plocensi
1021 1115 1184 1194 exposuit,
1216 1113 1305 1195 quod
1330 1113 1489 1194 quosdam
1524 1113 1609 1176 iures
1632 1135 1710 1178 suos
1734 1134 1778 1177 ex

223 1219 424 1280 mandato
456 1231 496 1282 et
520 1223 818 1303 compulsione
850 1221 1006 1283 iudicis
1037 1219 1248 1282 secularis
1272 1220 1316 1282 ob
1341 1221 1458 1282 lurtum
1484 1221 1526 1282 ad
1550 1219 1777 1285 mediastinum

223 1346 325 1405 usque
349 1326 390 1387 ad
407 1329 571 1406 sanguinis
596 1327 785 1390 effusionem
812 1329 948 1390 cinxerit
973 1329 1154 1409 petivitque
1178 1348 1287 1389 secum
1314 1348 1372 1408 per
1388 1330 1494 1408 ipsum
1512 1329 1632 1391 Rmum
1649 1341 1776 1410 patrem

222 1451 320 1512 super
350 1433 481 1495 infamia
516 1444 548 1496 et
580 1434 819 1516 irregularitate
853 1436 972 1496 exinde
1004 1436 1123 1495 secutis
1155 1433 1336 1514 dispensari
1374 1435 1471 1496 etad
1496 1431 1638 1496 officium
1673 1445 1778 1498 status

224 1541 445 1620 presbiteralis
470 1543 603 1603 restitui.
627 1542 671 1603 Et
688 1542 772 1604 dnus
790 1541 973 1622 Episcopus
998 1541 1294 1622 supplicacionibus
1318 1543 1387 1603 eius
1403 1541 1586 1624 benigniter
1602 1541 1779 1604 acclinatus

223 1646 264 1706 de
289 1658 456 1726 potestate
480 1650 713 1710 iurisdiccionis
737 1669 774 1708 ac
799 1650 974 1728 potestatis
998 1669 1056 1710 sue
1081 1649 1242 1709 ordinarie
1271 1668 1380 1710 secum
1407 1669 1504 1728 super
1528 1647 1622 1711 dictis
1648 1647 1779 1710 infamia

224 1763 257 1814 et
280 1753 517 1835 irregularitate
549 1756 801 1818 misericorditer
824 1755 1026 1836 dispensavit
1058 1764 1091 1817 et
1115 1756 1157 1816 ad
1181 1753 1277 1815 officii
1303 1754 1517 1817 sacerdotalis
1549 1757 1779 1818 execucionem

223 1861 326 1920 acad
351 1859 508 1922 honorem
534 1864 688 1940 restituit;
720 1861 822 1924 voluit
845 1871 955 1924 tamen
980 1860 1161 1924 deliberare
1192 1862 1233 1923 de
1258 1863 1441 1942 penitencia
1465 1863 1571 1924 eidem
1595 1863 1778 1944 presbitero

223 1969 353 2030 racione
376 1979 486 2031 reatus
509 1969 645 2050 predicti
670 1980 704 2031 et
727 1969 869 2030 criminis
893 1969 1013 2048 patrati
1038 1968 1245 2049 imponenda.

439 2161 478 2221 A.
510 2161 600 2237 1466,
625 2160 733 2222 Martii
755 2179 785 2237 4,
810 2128 842 2222 in
866 2159 1033 2224 Poltowsk
1058 2164 1089 2222 in
1114 2163 1201 2223 curia
1226 2161 1415 2242 episcopali.

332 2281 395 2350 60.
418 2285 518 2364 (Acta
534 2288 633 2367 episc.
651 2286 711 2364 1)..
735 2285 829 2347 Dnus
845 2285 1014 2354 Stiborius‚
1038 2288 1215 2368 episcopus
1233 2287 1408 2358 Plocensis‚
1432 2297 1646 2370 comparente
1669 2307 1779 2350 coram

225 2413 266 2454 eo
290 2394 432 2456 discreto
457 2393 600 2454 Iohanne
625 2394 745 2454 vicario
776 2395 807 2453 in
832 2391 1026 2474 Carnyew0,
1057 2395 1212 2475 inquisito
1244 2394 1310 2456 dno
1334 2393 1462 2456 officiali
1493 2393 1714 2459 Polthoviensi
1738 2396 1779 2458 de

226 2501 301 2563 dicti
326 2500 479 2562 iohannis
503 2503 570 2562 vita
593 2510 627 2562 et
650 2499 770 2562 facta..
794 2500 927 2562 testium
953 2503 1128 2562 iuratorum
1153 2499 1388 2562 informacione
1412 2502 1596 2576 summaria,
1625 2502 1713 2582 quod
1739 2503 1780 2564 vi·

225 2608 342 2670 delicet
366 2607 452 2668 idem
471 2607 631 2686 presbiter
655 2606 817 2688 quandam
843 2607 1007 2668 mulierem
1034 2609 1216 2668 maritatam
1234 2605 1285 2668 hic
1301 2609 1331 2668 in
1352 2604 1562 2669 Polthowsko
1579 2607 1621 2669 ad
1639 2608 1779 2671 medium

226 2717 330 2777 noctis
354 2716 441 2795 apud
466 2735 501 2776 se
532 2716 562 2775 in
589 2715 688 2776 domo
713 2735 771 2776 sua
794 2714 961 2776 retinuerit
994 2724 1026 2774 et
1051 2715 1128 2775 dum
1162 2723 1238 2794 post
1263 2715 1347 2777 dicte
1373 2716 1479 2776 noctis
1510 2715 1651 2776 medium
1675 2718 1780 2796 ipsam

225 2821 391 2883 mulierem
409 2823 450 2884 de
468 2824 566 2882 domo
583 2841 642 2883 sua
658 2820 828 2882 reduceret
844 2831 942 2901 atque
959 2822 1145 2892 associaret,
1162 2841 1220 2902 per
1236 2819 1390 2884 custodes
1407 2822 1546 2884 civitatis
1562 2821 1780 2884 Polthowsk..

226 2929 348 2990 detenti
374 2939 407 2990 et
430 2929 519 3008 capti
543 2937 625 2998 sunt,
650 2927 789 2988 eundem
814 2937 923 2989 tamen
949 2928 1165 3006 presbiterum
1190 2927 1381 2990 dimiserunt
1405 2927 1549 3002 liberum,
1574 2928 1678 3008 ipsam
1704 2949 1780 2992 vero

227 3033 390 3096 mulierem
416 3035 584 3098 detentam
610 3037 640 3096 in
665 3037 804 3096 carceris
828 3033 977 3096 custodia
1002 3054 1103 3112 usque
1127 3036 1169 3094 ad
1193 3033 1278 3096 diem
1304 3043 1485 3104 tenuerunt,
1519 3055 1581 3115 que
1606 3056 1657 3098 res
1681 3035 1781 3116 publi·

229 3162 299 3203 cam
324 3143 444 3204 famam
469 3144 510 3204 de
534 3142 741 3204 inhonestate
764 3142 891 3202 induxit
915 3151 948 3203 et
972 3141 1160 3202 scandalum
1185 3140 1291 3204 effecit
1317 3161 1381 3202 non
1399 3141 1572 3230 modicum,
1597 3142 1681 3204 unde
1698 3143 1781 3205 dnus

226 3249 409 3330 Episcopus
444 3261 577 3329 recepta
608 3247 770 3310 relacione
803 3248 929 3328 prelata
961 3257 994 3310 et
1017 3249 1234 3320 considerato,
1265 3248 1353 3329 quod
1385 3249 1411 3310 si
1443 3248 1521 3311 talia
1553 3250 1712 3330 impunita
1736 3268 1781 3310 rc·

226 3357 453 3435 linquerentur,
484 3356 697 3418 verisimiliter
720 3355 798 3417 talia
822 3353 873 3416 vel
897 3356 1010 3436 peiora
1027 3356 1148 3436 patrari
1174 3365 1319 3434 possent,
1351 3357 1473 3417 dictum
1499 3355 1715 3435 presbiterum
1739 3355 1781 3417 ad

229 3483 344 3542 penam
378 3465 515 3525 carceris
538 3462 586 3525 VI
611 3463 767 3523 niensium
793 3461 844 3522 hic
875 3463 906 3521 in
934 3459 1147 3524 Polthowsko
1171 3461 1434 3543 condempnavit,
1466 3463 1572 3525 eidem
1598 3462 1781 3543 presbitero

226 3570 286 3632 sub
310 3591 394 3651 pena
425 3570 776 3632 excommunicacionis
808 3569 1018 3640 demandans
1052 3579 1087 3630 ut
1112 3568 1208 3630 hodie
1240 3580 1274 3631 et
1298 3589 1369 3631 cras
1401 3568 1442 3632 de
1467 3589 1561 3632 mane
1593 3570 1659 3632 suis
1685 3569 1782 3632 rebus

225 3679 417 3758 compositis
440 3679 549 3739 veniat
582 3688 658 3758 post
682 3677 850 3757 prandium
876 3675 928 3737 hic
952 3677 983 3736 in
1007 3655 1151 3736 castrum
1177 3676 1395 3756 penitenciam
1425 3696 1486 3757 pro
1509 3687 1600 3740 reatu
1625 3697 1684 3758 per
1708 3694 1781 3737 eum

226 3795 356 3866 patrato
381 3795 579 3861 recepturus,
615 3795 648 3846 et
672 3784 714 3845 ibi
738 3773 818 3846 ¹cras
848 3794 882 3845 et
906 3783 984 3844 feria
1008 3783 1064 3844 Vta
1087 3783 1207 3845 dictam
1232 3785 1450 3864 penitenciam
1474 3784 1615 3863 incipiet,
1641 3791 1782 3863 postque

225 3912 328 3972 usque
360 3890 400 3952 ad
425 3891 632 3954 Dominicam
657 3887 971 3970 Quasimodogeniti,
1005 3900 1040 3951 ut
1072 3910 1113 3952 eo
1137 3889 1317 3968 perfeccius
1348 3889 1444 3951 horas
1472 3889 1638 3971 complere
1669 3890 1783 3970 possit,

227 4000 377 4080 pausabit
401 4019 421 4059 a
437 3998 523 4060 dicta
547 3999 739 4077 penitencia,
764 3997 821 4060 sed
846 3996 924 4058 feria
941 3995 984 4058 lll
1009 4005 1086 4077 post
1103 3993 1412 4079 Quasimodogeniti
1436 3997 1496 4060 sub
1514 3998 1628 4060 eadem
1653 4015 1783 4060 excom·

227 4107 456 4168 municationis
481 4125 566 4185 pena
589 4105 699 4166 venire
723 4103 822 4166 debet
846 4104 877 4164 in
902 4123 1067 4166 carcerem
1092 4102 1265 4183 prelatum,
1289 4101 1467 4184 predictam
1492 4105 1709 4184 penitenciam
1735 4103 1783 4166 VI

439 4405 480 4468 A.
511 4406 601 4484 1466,
626 4405 734 4467 Martii
757 4404 787 4474 6,
811 4405 843 4466 in
867 4404 1063 4468 consistorio
1088 4402 1317 4466 Polthoviensi.

333 4527 397 4595 61.
421 4531 519 4606 (Acta
543 4529 627 4592 ofsrc.
652 4529 700 4610 11).
739 4529 774 4591 ln
799 4549 897 4591 causa
927 4529 1057 4590 discreti
1083 4526 1227 4608 Georgii,
1259 4528 1397 4590 ministri
1421 4527 1557 4592 ecclesie
1583 4527 1625 4590 de
1649 4526 1772 4590 Zathor

225 4651 340 4700 contra
372 4639 547 4700 discretum
579 4636 762 4708 Nicolaum,
799 4637 953 4698 vicarium
986 4636 1026 4698 de
1050 4636 1183 4706 ibidem,
1215 4636 1374 4698 discretus
1406 4635 1551 4711 Iacobus
1587 4647 1779 4717 procurator

225 4743 390 4825 Georgii..
417 4745 597 4825 proposuit,
622 4745 710 4824 quod
734 4744 775 4805 de
793 4764 878 4805 anno
904 4744 966 4805 Dni
992 4741 1241 4805 MCCCCLXV
1265 4743 1419 4806 vicesima
1435 4743 1487 4806 die
1504 4741 1668 4806 Februarii
1693 4741 1778 4804 idem

225 4851 380 4914 Nicolaus
416 4851 560 4914 vendidit
595 4851 683 4914 dicto
716 4851 858 4931 Georgio
895 4851 1098 4912 viaticum
1136 4871 1195 4929 pro
1219 4849 1312 4911 XLII
1337 4869 1384 4930 gr.
1409 4851 1543 4912 monete
1575 4847 1778 4922 Polonicalis,

225 4960 393 5038 spondens
417 4960 447 5020 ei
471 4969 503 5020 et
527 4961 724 5040 promittens
748 4958 789 5020 de
813 4959 902 5020 bono
925 4959 1044 5019 viatico
1067 4956 1187 5019 valenti
1219 4967 1253 5019 et
1277 4968 1426 5020 correcto
1451 4968 1485 5020 et
1508 4977 1573 5019 non
1598 4955 1778 5031 falsificam,

225 5069 256 5127 in
281 5087 342 5128 suo
366 5077 482 5128 tenore
506 5085 571 5127 non
595 5063 803 5142 defectuoso;
827 5065 880 5144 qui
904 5074 1015 5127 tamen
1041 5065 1176 5126 viaticus
1200 5075 1251 5126 est
1275 5065 1408 5124 omnino
1432 5061 1600 5136 invalidus
1626 5063 1726 5126 salsus
1752 5072 1786 5124 et

226 5173 445 5243 defectuosus
468 5183 586 5253 petens
610 5174 716 5250 ipsum
742 5170 895 5253 compelli
917 5171 960 5234 ad
976 5172 1220 5234 restitucionem
1246 5173 1454 5251 pecuniarum
1479 5171 1608 5233 racione
1625 5168 1690 5232 doli
1709 5189 1784 5231 con·

226 5281 319 5344 tracti
345 5280 375 5340 in
400 5272 624 5343 vendicione..

439 5478 482 5540 Α.
514 5479 603 5556 1466,
628 5475 752 5556 Aprilis
782 5489 827 5550 12,
851 5475 883 5534 in
908 5475 1102 5536 consistorio
1127 5471 1355 5536 Polthoviensi.

334 5599 397 5667 62.
421 5601 519 5683 (Acta
543 5601 628 5664 oisrc.
652 5601 697 5682 11),
738 5599 775 5660 In
798 5619 896 5661 causa
926 5601 1238 5678 circumspectorum
1271 5597 1439 5659 consulum
1473 5604 1506 5657 et
1530 5596 1716 5658 vitricorum
1740 5595 1782 5656 de

227 5711 422 5789 Zacroczym
447 5719 561 5772 contra
577 5709 692 5770 honor.
710 5706 885 5769 iohannem
911 5706 1086 5787 plebanum
1110 5706 1142 5768 in
1159 5704 1353 5772 Zaeroczim,
1378 5703 1504 5783 providi
1528 5702 1585 5764 viri
1606 5697 1787 5762 Stanislaus
