4458 6674
943 685 1032 736 ANNI
1051 682 1128 739 1510.
1751 698 1809 766 143

1260 777 1511 784 --.---.
1522 777 1787 784 .--------.--..
1803 779 1810 782 -

255 899 373 972 Sancti,
398 911 431 962 et
455 902 481 961 si
498 921 561 962 non
588 899 711 975 faciam,
736 899 934 961 condemnet
959 919 1011 961 me
1031 898 1122 960 Deus
1146 901 1176 959 in
1194 919 1332 980 corpore
1357 909 1390 960 et
1407 901 1522 960 anima.
1547 897 1618 961 Hec
1635 899 1735 960 verba
1758 919 1811 962 cx·

255 1009 374 1088 pressit
397 1009 428 1069 in
446 1009 617 1087 presencia
640 1011 747 1084 testis;
771 1007 952 1086 requisitus,
977 1007 1002 1067 si
1023 1007 1139 1086 aliquis
1163 1005 1393 1067 interfuisset..
1418 1005 1493 1066 dum
1511 1005 1571 1068 hee
1588 1005 1812 1086 loquebantur,

255 1115 336 1176 dixit
362 1114 463 1188 testis,
489 1115 577 1194 quod
604 1114 706 1175 nullus
731 1123 841 1194 preter
865 1113 944 1174 duas
968 1111 1101 1174 ancillas
1126 1111 1338 1192 supradictas
1364 1133 1426 1192 que
1451 1115 1605 1192 quoniam
1632 1133 1696 1174 non
1720 1123 1812 1174 erant

255 1231 370 1283 vocate
401 1222 443 1282 ad
468 1221 666 1301 supradicta.
700 1221 802 1282 nescit
827 1220 934 1294 testis,
965 1239 1006 1280 an
1031 1220 1220 1281 audiverant
1253 1218 1314 1279 hec
1338 1219 1438 1280 verba
1470 1218 1522 1280 vel
1547 1240 1626 1292 non,
1659 1221 1811 1299 quoniam

255 1327 404 1389 hincinde
429 1347 487 1408 per
503 1329 642 1390 eandem
667 1329 862 1388 caminatam
887 1327 1147 1396 deambulabant,
1173 1327 1326 1406 quoniam
1352 1325 1506 1387 mediocri
1533 1347 1613 1387 voce
1638 1325 1812 1408 loqueban-

255 1443 306 1496 tur
329 1447 362 1496 et
387 1434 540 1496 familiari.
578 1435 654 1496 Post
687 1454 750 1514 que
776 1434 873 1496 verba
907 1434 1066 1514 recipiens
1098 1433 1179 1492 dnus
1203 1432 1474 1513 Zabrzeszynsky
1498 1431 1563 1494 XX
1586 1454 1632 1512 gr.
1665 1443 1698 1494 et
1723 1434 1811 1494 dedit

255 1544 329 1604 testi
356 1541 466 1602 dicens
490 1541 563 1602 hec:
587 1540 641 1601 Do
666 1541 722 1602 tibi
748 1540 909 1622 presbiter
933 1549 1070 1620 propter
1094 1541 1196 1600 maius
1220 1541 1451 1600 testimonium.
1476 1539 1624 1601 Tandem
1642 1541 1734 1602 testis
1751 1541 1811 1601 dis·

255 1651 361 1718 cessit,
387 1668 493 1728 neque
511 1667 607 1708 mane
628 1647 715 1726 apud
740 1667 797 1708 eos
821 1647 852 1707 in
870 1648 957 1707 curia
980 1645 1038 1707 fuit
1063 1659 1095 1708 et
1113 1666 1171 1708 eos
1193 1657 1306 1724 postea
1334 1648 1468 1708 invicem
1493 1645 1720 1726 colloquentes
1746 1667 1810 1706 non

256 1755 343 1817 vidit.
379 1753 434 1815 Ad
461 1756 608 1833 quintum
633 1753 800 1814 articulum
834 1753 1013 1832 respondit,
1047 1753 1134 1832 quod
1160 1773 1224 1814 non
1249 1753 1328 1814 vidit
1352 1754 1450 1812 dnum
1476 1752 1746 1833 Zabrzesaynslry
1771 1753 1811 1814 ad

255 1862 419 1923 dominam
445 1864 554 1941 sepius
571 1863 765 1930 venientem,
791 1871 899 1922 tamen
924 1861 1045 1921 audivit
1070 1880 1113 1921 ex
1134 1859 1269 1921 aliorum
1294 1861 1454 1921 relacione
1479 1872 1511 1922 et
1537 1879 1578 1920 ex
1605 1859 1698 1928 fama,
1724 1861 1812 1940 quod

255 1968 362 2030 multis
386 1969 535 2029 noctibus
559 1969 600 2028 ad
624 1985 695 2028 eam
722 1967 881 2033 veniebat,
906 1987 1012 2046 neque
1038 1967 1161 2028 audivit
1185 1966 1308 2046 aliquas
1333 1967 1568 2048 promissiones
1591 1977 1624 2028 et
1650 1987 1811 2028 assecura-

255 2077 364 2137 ciones
381 2075 421 2135 de
439 2077 646 2135 matrimonio
670 2074 921 2149 solemnisando‚
946 2095 1006 2134 nec
1023 2076 1124 2134 eciam
1143 2073 1387 2135 admoniciones
1408 2074 1471 2135 dne
1488 2071 1612 2156 Itamile
1624 2123 1644 2132 ..
1672 2073 1811 2133 Descen-

255 2181 363 2244 dendo
388 2183 426 2240 ad
446 2179 595 2261 specialia
619 2182 869 2260 interrogatoria
893 2182 1066 2260 requisitus
1091 2181 1131 2241 ad
1148 2179 1209 2250 illa,
1235 2181 1317 2242 dixit
1333 2201 1369 2241 se
1385 2179 1481 2240 nichil
1499 2182 1594 2256 scire;
1618 2181 1694 2241 item
1712 2180 1810 2240 dnum

255 2287 522 2367 Zabrzeszynsky
547 2286 628 2349 dixit
652 2307 724 2349 esse
750 2289 903 2348 maiorem
930 2288 960 2346 in
977 2287 1136 2368 dignitate
1161 2297 1194 2349 et
1215 2287 1350 2363 diviciis;
1375 2290 1451 2348 item
1476 2287 1584 2367 quoad
1609 2295 1810 2348 contractum

256 2395 492 2457 matrimonium
516 2396 599 2455 inter
622 2393 718 2455 dnam
745 2393 892 2474 Crupslra
918 2405 950 2456 et
974 2393 1244 2476 Zabrzeszynsky
1268 2394 1429 2473 deposuit,
1454 2404 1552 2474 prout
1575 2413 1704 2474 supra..

471 2588 510 2650 Α,
542 2601 631 2667 1510,
656 2587 791 2648 Ianuarii
822 2603 868 2664 14,
892 2587 924 2648 in
949 2589 1143 2650 consistorio
1168 2587 1322 2650 Plocensi.

363 2709 452 2777 303.
477 2713 574 2794 (Acta
598 2711 683 2774 offic.
708 2711 780 2792 lla).
807 2711 841 2772 ln
867 2731 963 2774 causa
990 2713 1105 2774 nobilis
1130 2711 1260 2774 Alberti
1284 2713 1326 2774 de
1351 2709 1537 2792 Osrnolyno
1561 2721 1674 2774 contra
1699 2711 1805 2772 lronor

256 2819 456 2881 Dobeslaum
489 2820 519 2879 in
546 2819 730 2892 Mochowo,
762 2817 876 2880 honor.
901 2818 1105 2898 Augustinus
1137 2819 1180 2880 de
1205 2819 1433 2900 Wyschegrad
1467 2831 1658 2896 procurator
1681 2817 1810 2881 Alberti

255 2937 366 2988 contra
384 2929 489 3006 ipsum
508 2925 715 3006 plebanum..
741 2927 912 3005 proposuit
929 2925 1039 2999 verbo,
1064 2928 1138 3005 quia
1154 2927 1225 3005 ipse
1242 2925 1402 3005 plebanus
1418 2945 1445 2986 a.
1464 2925 1502 2986 D.
1520 2923 1810 2992 MCCCCLXXXI

255 3033 285 3093 in
312 3032 451 3112 quadam
476 3053 573 3094 causa
596 3031 723 3093 induxit
746 3033 852 3112 ipsum
877 3033 918 3093 nd
935 3041 1057 3094 certam
1082 3031 1323 3094 fideiussionem
1341 3031 1372 3093 X
1388 3051 1623 3112 sexagenarum
1649 3035 1680 3093 in
1698 3033 1811 3095 mediis

255 3161 299 3219 gr.
325 3141 516 3220 quibusdam
545 3141 651 3218 pueris
676 3119 916 3212 laroschewski,
942 3139 983 3201 de
1008 3161 1070 3220 qua
1094 3138 1300 3202 fideiussione
1325 3137 1463 3200 eundem
1489 3138 1629 3199 nobilem
1655 3137 1811 3202 eliberare

256 3247 375 3318 debuit,
407 3247 493 3328 quod
521 3247 652 3308 minime
679 3245 760 3321 lecit,
793 3247 851 3308 sed
875 3249 980 3327 ipsum
1006 3246 1148 3308 nobilem
1173 3245 1294 3307 turbari
1320 3246 1464 3325 permisit
1496 3255 1529 3307 et
1554 3247 1811 3326 dampna'plura

257 3355 323 3434 pati
347 3355 377 3414 in
403 3357 470 3416 iure
495 3354 647 3423 terrestri,
673 3363 770 3433 prout
794 3373 910 3434 passus
934 3364 984 3416 est
1009 3351 1167 3414 solvendo
1192 3365 1257 3413 tam
1283 3353 1482 3413 sentenciam
1509 3351 1725 3434 principalem,
1751 3375 1811 3433 pro

256 3481 318 3541 qua
343 3460 507 3532 fideiussit,
533 3459 740 3530 videlicetX
757 3479 948 3540 sexagenas
975 3479 1071 3540 quam
1097 3462 1192 3522 etiam
1218 3461 1375 3540 triplicem
1398 3457 1677 3538 pyndadzcsayntlt
1702 3472 1735 3522 et
1760 3462 1811 3522 tri·

255 3568 371 3648 plicem
392 3566 745 3647 pytancanndaessynth,
770 3577 887 3646 petens
910 3569 1016 3646 ipsum
1043 3563 1142 3650 [cogi]
1164 3567 1204 3627 ad
1230 3566 1428 3627 solucionem
1449 3576 1516 3627 tam
1533 3587 1658 3628 summe
1677 3565 1810 3646 prefate.

256 3695 315 3755 pro
340 3695 403 3754 qua
427 3673 597 3746 fideiussit,
630 3693 726 3755 quam
759 3675 856 3734 etiarn
889 3674 1105 3755 dampnorum
1139 3674 1392 3754 predictorum..
1426 3675 1530 3734 eidem
1555 3673 1725 3735 illatorum.
1759 3674 1809 3735 Ex

255 3781 395 3843 adverso
419 3779 604 3843 Dobeslaus
629 3781 818 3860 plebanus..
844 3782 1035 3862 recognovit
1060 3781 1321 3861 proposicionem
1347 3790 1462 3842 contra
1479 3799 1552 3840 enm
1569 3779 1687 3842 factam
1714 3780 1810 3842 luisse

255 3907 374 3958 veram,
398 3897 546 3949 actamen
572 3887 732 3966 allegavit,
758 3887 845 3967 quod
870 3907 930 3966 pro
948 3887 1130 3947 huiusmodi
1154 3887 1274 3959 debit0,
1299 3907 1359 3967 pro
1384 3907 1449 3966 qno
1475 3883 1640 3958 fideiussit,
1664 3887 1809 3967 prefatus

255 3994 372 4057 nobilis
396 4005 485 4056 certa
510 3995 595 4055 bona
620 3995 804 4074 patrimonii
829 3996 877 4056 sui
903 3993 1079 4054 immobilia
1102 3997 1134 4054 in
1158 3991 1318 4073 Smolyno
1343 3996 1425 4074 patri
1451 3994 1611 4056 dictorum
1637 4015 1808 4074 puerorum

255 4101 344 4164 dedit
378 4123 437 4182 pro
462 4100 591 4181 prefato
614 4101 726 4162 debito
751 4101 922 4180 eidemque
947 4103 1223 4163 intromissionem
1255 4100 1295 4161 ad
1321 4103 1404 4163 dicta
1431 4101 1517 4162 bona
1541 4101 1679 4176 admisit,
1712 4115 1810 4183 prout

255 4219 288 4270 et
306 4229 451 4288 pronunc
476 4207 592 4288 prefati
618 4210 708 4287 pueri
734 4209 848 4268 eadem
875 4209 961 4270 bona
979 4210 1008 4268 in
1026 4207 1113 4269 dicta
1136 4227 1262 4269 summa
1280 4219 1401 4280 tenent,
1426 4217 1542 4288 petens
1559 4210 1619 4270 sibi
1636 4211 1808 4271 terminum

254 4315 357 4377 dari..
381 4326 494 4377 contra
519 4314 665 4396 prelatos
690 4334 807 4393 pueros
840 4325 873 4376 et
898 4317 1058 4376 actionem
1084 4315 1143 4376 sibi
1167 4315 1359 4376 reservari..
1391 4315 1435 4376 Et
1459 4316 1609 4377 dominns
1634 4319 1809 4378 reservavit

257 4431 289 4483 et
313 4424 486 4484 terminum
512 4423 755 4502 prosecucionis
782 4433 895 4483 contra
920 4423 1025 4483 dictos
1050 4441 1169 4500 pueros
1192 4441 1291 4482 unum
1317 4441 1468 4483 annum..
1494 4421 1658 4502 prefixit..

363 4525 451 4593 304.
484 4528 635 4606 (Ibidem).
672 4527 707 4588 ln
732 4547 828 4590 causa
860 4529 989 4590 honesti
1023 4527 1174 4591 Stanislai
1206 4526 1354 4608 Grzywa,
1387 4529 1542 4610 oppidani
1574 4529 1615 4591 de
1639 4528 1809 4610 Szyeprcz,

256 4646 370 4698 contra
387 4635 562 4698 discretum
581 4635 748 4696 Andream
767 4635 1017 4697 mansionarium
1035 4655 1058 4696 s
1077 4635 1177 4696 Marie
1202 4636 1379 4708 inibidem,
1405 4633 1620 4698 Stanislaus..
1645 4639 1809 4700 accusavit

255 4744 492 4805 contumaciam
518 4745 618 4822 partis
642 4739 811 4804 adverse..
835 4742 888 4803 Ex
911 4741 1049 4804 adverso
1076 4742 1187 4803 honor.
1206 4743 1410 4822 Augustinus
1435 4745 1474 4804 de
1493 4743 1719 4825 Wyschegrad
1737 4765 1808 4824 pro-

255 4858 384 4911 curator
410 4849 541 4912 Andree
567 4849 769 4929 presbiteri..
794 4849 956 4930 allegavit,
989 4849 1076 4929 quod
1102 4847 1248 4930 prelatus
1281 4848 1441 4928 presbiter
1473 4849 1531 4910 fuit
1557 4851 1617 4930 ipsi
1646 4847 1808 4912 Stanislao

257 4965 391 5037 paratus
415 4957 492 5018 dare
516 4957 678 5036 pecunias,
704 4956 763 5016 sed
780 4975 835 5017 eas
852 4958 1000 5035 accipere
1025 4953 1134 5026 noluit,
1158 4955 1450 5016 incarceracionem
1476 4977 1556 5018 vero
1580 4951 1721 5018 eiusdem
1741 4955 1808 5019 Sta-

255 5063 346 5125 nislai
372 5063 560 5144 simpliciter
584 5064 723 5144 negavit.

362 5170 405 5233 Et
428 5169 547 5232 ibidem
580 5171 665 5232 idem
698 5179 892 5249 procurator
923 5171 1023 5231 citato
1055 5171 1127 5248 ipso
1159 5167 1320 5230 Stanislao
1352 5171 1481 5230 nomine
1514 5171 1613 5250 ipsius
1638 5169 1808 5249 presbiteri

254 5286 369 5339 contra
392 5297 465 5339 eum
490 5279 662 5357 proposuit
686 5275 797 5350 verbo,
831 5279 905 5356 quia
936 5278 1007 5356 ipse
1031 5273 1209 5338 Stanislaus
1241 5295 1325 5336 anno
1357 5287 1523 5338 transacto
1555 5277 1667 5338 habito
1698 5297 1807 5338 secum

254 5394 422 5446 contractu
447 5405 507 5464 pro
532 5382 740 5445 edificacione
765 5383 879 5463 palacii
911 5403 972 5464 pro
997 5381 1022 5444 C
1047 5403 1093 5463 gr.
1118 5385 1254 5462 ipseque
1279 5380 1457 5444 Stanislaus
1490 5384 1712 5462 carpentarius
1736 5384 1806 5445 sub-

256 5491 341 5552 misit
365 5511 401 5552 se
425 5489 527 5551 labori
559 5490 743 5552 huiusmodi
776 5499 808 5552 et
833 5489 966 5552 tandem
998 5489 1117 5550 robora
1145 5490 1307 5551 destruxit
1338 5499 1370 5549 et
1395 5487 1610 5562 annichilavit,
1644 5492 1687 5550 ita
1720 5491 1807 5568 quod

255 5598 361 5659 eidem
386 5595 521 5658 Andree
555 5595 630 5660 lecit
662 5597 789 5659 inutiles
821 5606 972 5677 sumptus
1008 5595 1133 5676 prefata
1165 5597 1281 5658 robora
1313 5597 1511 5658 accurtando
1544 5607 1575 5656 et
1600 5595 1807 5667 destruendo,

255 5703 401 5764 iniuriam
435 5712 467 5763 et
490 5703 666 5783 dampnum
699 5705 871 5765 extimavit
902 5703 941 5763 ad
967 5703 1010 5765 lll
1034 5723 1225 5783 sexagenas
1258 5714 1374 5783 petens
1397 5703 1502 5782 ipsum
1531 5703 1562 5762 in
1587 5702 1708 5764 eisdem
1735 5722 1808 5764 con-
