4458 6674
936 664 1025 714 ANNI
1043 661 1121 718 1508.
1742 683 1800 746 123

355 755 400 759 —
469 755 479 758 -
514 755 554 760 —-
567 753 1578 764 ———-——-—.-——-——-———---.—.
1598 759 1604 763 -
1615 759 1624 762 -
1651 759 1660 763 -

463 873 505 936 A.
535 875 626 954 1508,
652 872 820 936 Februarii
847 889 896 955 27,
921 874 951 936 in
977 873 1143 938 Poltowsk
1167 877 1197 938 in
1222 876 1309 938 curia
1333 875 1520 957 episcopali.

358 994 449 1063 267.
480 999 578 1077 (Acta
602 999 700 1080 episc.
724 998 827 1078 Vnt..
858 997 1119 1080 Comparuerunt
1144 1002 1175 1061 In
1200 1000 1317 1064 iudicio
1341 1021 1450 1062 corani
1475 1003 1594 1065 Rmo..
1619 1004 1684 1066 dno
1709 1003 1803 1064 Eras-

251 1127 304 1168 mo
328 1105 369 1168 D.
392 1127 423 1188 g.
447 1107 606 1186 episcopo
634 1104 813 1167 PlocensI..
842 1105 955 1168 honor.
984 1118 1017 1169 et
1046 1108 1162 1168 nobiliS
1192 1107 1351 1170 Iohannes
1377 1110 1407 1168 in
1438 1110 1645 1189 Pyathnycza
1673 1121 1802 1170 curatus

250 1233 321 1274 curn
346 1213 447 1274 Paulo
467 1213 509 1274 de
531 1212 741 1293 Morawskye
766 1223 959 1276 executores
984 1216 1170 1276 testamenti
1196 1214 1271 1276 oIIm
1298 1216 1423 1294 providi
1448 1215 1571 1278 NIcolai
1597 1215 1803 1278 Verzanrbek

250 1321 327 1384 civis
344 1319 534 1384 Lomzensis
561 1319 806 1400 exhibitaque..
835 1321 1027 1382 citacIone..
1055 1331 1168 1382 contra
1198 1341 1313 1384 omnes
1337 1334 1369 1384 et
1394 1321 1538 1402 singulos
1562 1345 1619 1385 sua
1647 1326 1803 1385 interesse

250 1436 404 1508 putantes
428 1429 469 1489 ad
494 1425 667 1488 videndum
692 1439 925 1489 testamentum
950 1426 1028 1490 dicti
1052 1429 1127 1488 oIIm
1154 1427 1280 1490 Nicolai
1304 1429 1457 1490 Ierzabelt
1481 1429 1671 1494 confirmari.
1701 1431 1804 1510 pecie·

249 1545 323 1598 runt
347 1535 379 1594 in
404 1535 674 1596 contumaciam..
707 1535 877 1598 citatorum
903 1554 968 1596 non
989 1537 1252 1616 cornparencium
1278 1535 1424 1596 ratificari
1450 1549 1483 1599 et
1507 1538 1690 1617 approbari.
1714 1539 1804 1598 cqus

250 1642 436 1706 testamenti
462 1651 588 1702 tenor..
612 1651 663 1703 est
686 1641 772 1702 talis:

357 1747 391 1807 In
424 1749 554 1808 nomine
586 1746 651 1808 Dni
682 1767 785 1808 amen.
818 1745 886 1810 Sub
919 1767 1005 1810 anno
1038 1748 1227 1810 Natiuitatis
1261 1749 1404 1810 eiusdem
1440 1749 1602 1811 MDVII..
1640 1750 1692 1811 die
1723 1769 1802 1810 vero

251 1853 390 1920 Veneris
406 1852 473 1914 XV
490 1851 676 1916 Octobris..
700 1853 820 1916 invilla
843 1855 1074 1934 Czarnoczyno
1092 1865 1125 1917 et
1142 1857 1172 1916 in
1190 1857 1279 1918 curia
1296 1856 1400 1918 ducali
1418 1859 1449 1918 in
1466 1859 1628 1918 camInata
1650 1877 1802 1938 magna..

251 1962 448 2026 constitutus
479 1962 694 2042 personaliter
725 1960 869 2024 famosus
898 1960 974 2024 oIIm
1003 1961 1157 2024 Nicolaus
1189 1961 1378 2024 lerzambek
1406 1966 1483 2025 civis
1511 1964 1702 2026 Lomzensis
1725 1983 1803 2025 sane

250 2068 368 2134 mentis
392 2079 426 2128 et
450 2087 587 2148 compos
611 2070 749 2130 racionis
773 2070 926 2142 existens
952 2081 986 2132 ut
1010 2071 1113 2150 prima
1139 2069 1219 2132 facie
1244 2071 1434 2152 apparebat,
1458 2073 1533 2134 licet
1557 2072 1713 2152 languens
1737 2090 1804 2132 cor·

250 2194 339 2256 pore.
363 2176 482 2238 timens
505 2186 614 2238 tamen
639 2175 858 2238 inevitabilem
883 2177 996 2238 mortis
1020 2189 1182 2246 eventum,
1208 2197 1305 2258 quem
1331 2177 1435 2240 nullus
1459 2179 1600 2257 prescire
1625 2189 1744 2260 potest,
1770 2189 1803 2240 et

251 2281 466 2357 considerans,
491 2284 577 2362 quod
600 2284 642 2344 nil
664 2285 787 2345 cercius
811 2294 916 2345 morte
938 2295 971 2345 et
992 2281 1035 2344 nil
1059 2283 1214 2346 incercius
1238 2283 1318 2346 hora
1342 2287 1488 2346 mortIs..
1513 2303 1606 2346 suum
1631 2294 1803 2346 testamen·

251 2399 351 2454 tum..
385 2389 545 2451 ordinavit
568 2391 599 2450 in
625 2389 711 2450 hunc
735 2391 788 2469 qui
818 2391 963 2470 sequitur
991 2391 1135 2452 modum:
1169 2389 1322 2472 inprimis
1346 2391 1505 2471 quuidem
1534 2393 1673 2452 anImanr
1702 2409 1803 2464 suam,

252 2495 383 2574 quando
406 2507 557 2576 separata
584 2495 678 2558 inerit
701 2518 720 2558 a
745 2517 891 2576 corpore,
916 2495 989 2558 Deo
1014 2499 1231 2577 omnipotenti
1255 2499 1394 2560 creatori
1421 2497 1577 2562 altissimo
1601 2517 1639 2560 ac
1662 2497 1804 2578 gloriose

252 2603 366 2684 virgini
397 2603 499 2665 Marie
532 2605 680 2684 genitrici
711 2607 845 2684 eiusque
879 2605 940 2666 toti
971 2605 1057 2666 curIe
1088 2604 1202 2666 celesti
1234 2605 1442 2668 comendavit
1476 2603 1741 2686 sepulturamque
1772 2606 1804 2664 in

252 2709 389 2774 ecclesia
416 2721 540 2772 murata
570 2710 742 2772 Lomzensi
767 2712 815 2772 sui
839 2711 985 2791 corporis
1009 2712 1115 2792 elegit,
1146 2712 1196 2772 cui
1227 2711 1362 2772 ecclesie
1396 2714 1428 2772 In
1460 2712 1649 2773 memoriam
1677 2730 1733 2772 sue
1757 2729 1805 2772 se·

252 2815 379 2902 pulture
411 2837 471 2898 pro
503 2816 625 2880 fabrica
656 2818 757 2898 ipsius
787 2819 896 2878 omnIa
920 2817 1031 2880 debita
1063 2819 1094 2878 In
1120 2819 1258 2898 registro
1290 2817 1474 2880 debitorum
1508 2819 1607 2898 ipsius
1639 2825 1803 2882 contenta,

252 2943 315 3008 que
338 2923 399 2986 sibi
422 2925 601 2987 creditores
625 2945 682 2986 seu
705 2923 874 2987 debitores
898 2924 1019 2986 debent
1043 2934 1077 2986 et
1100 2935 1259 2996 tenentur,
1289 2925 1387 2994 dedit,
1417 2924 1537 3007 legavit
1561 2935 1594 2988 et
1617 2924 1804 3004 assignavit.

252 3031 333 3096 Item
357 3033 462 3094 eidem
487 3030 624 3094 ecclesie
649 3031 676 3093 II
692 3051 887 3111 sexagenas
912 3050 992 3111 quas
1016 3032 1077 3093 sibi
1100 3031 1200 3093 debet
1225 3031 1343 3113 Iozeph
1367 3031 1591 3113 Iemyelysthy
1616 3033 1646 3092 In
1672 3030 1804 3102 Lomza,

253 3139 375 3200 dedit..
400 3149 434 3200 et
459 3139 645 3218 assignavit.
684 3138 766 3202 ltem
791 3140 822 3199 in
848 3149 962 3220 parata
988 3139 1124 3217 pecunia
1156 3139 1238 3202 dixit
1262 3159 1297 3201 se
1321 3139 1442 3201 habere
1470 3141 1503 3200 in
1526 3141 1606 3201 cista
1632 3157 1749 3219 magna
1772 3139 1804 3198 In

253 3244 377 3306 Lomza
401 3243 427 3308 C
451 3265 637 3326 sexagenas
660 3247 691 3306 In
716 3245 829 3308 mediis
853 3265 899 3325 gr.
925 3244 1005 3308 Item
1031 3246 1061 3305 in
1084 3245 1197 3308 solidis
1221 3265 1285 3307 non
1311 3245 1400 3314 dixit,
1426 3245 1637 3325 quantumin
1663 3264 1804 3306 numero.

253 3351 334 3414 Item
357 3353 389 3412 in
414 3351 528 3414 eadem
552 3355 634 3414 cIsta
659 3351 699 3413 de
715 3353 790 3416 alba
813 3355 949 3432 pecunia
974 3351 1211 3433 Lythwanicali
1235 3351 1330 3414 LXX
1353 3372 1520 3434 sexagene
1543 3353 1623 3413 citra
1647 3352 1698 3414 vel
1714 3351 1805 3412 ultra.

253 3458 335 3520 Item
359 3459 478 3520 ibidem
502 3459 534 3520 in
557 3459 671 3520 eadem
697 3459 777 3521 cista
802 3457 893 3520 erX
916 3478 1082 3540 sexagene
1106 3461 1137 3520 in
1163 3460 1276 3520 mediis
1301 3480 1345 3538 gr.
1370 3460 1401 3520 In
1419 3459 1482 3520 alio
1506 3458 1635 3520 sacculo
1660 3459 1739 3520 citra
1756 3456 1806 3520 vel

253 3566 344 3627 ultra.
379 3567 461 3628 Item
484 3566 572 3646 apud
596 3564 792 3628 StaniSlaum
817 3566 960 3647 Ryczerz
992 3587 1064 3628 curn
1089 3566 1232 3628 Iohanne
1256 3565 1385 3647 Pozega
1416 3567 1458 3628 de
1483 3564 1605 3628 Lomza
1630 3563 1692 3626 LX
1716 3585 1807 3628 sexa·

252 3692 338 3755 gene
361 3675 392 3734 in
410 3675 524 3736 mediiS
547 3694 594 3754 gr.
619 3685 651 3736 et
676 3673 781 3736 medIa
805 3694 970 3754 sexagena
995 3674 1129 3735 actualis
1154 3677 1289 3753 pecunie
1312 3672 1390 3735 alias
1414 3693 1558 3752 vscayna,
1583 3693 1663 3751 quas
1687 3671 1807 3734 debent

253 3781 424 3842 restituere
447 3781 479 3842 in
504 3799 618 3842 manus
642 3781 777 3842 dnorum
802 3791 1013 3842 executorum
1039 3789 1072 3842 et
1096 3779 1218 3841 lucrum
1244 3779 1365 3842 debent
1390 3780 1535 3842 dividere
1566 3779 1598 3840 in
1621 3778 1665 3840 III
1689 3789 1808 3860 partes,

253 3887 402 3949 videlicet
426 3889 534 3968 puerIs
558 3907 623 3948 una
648 3907 732 3967 pars,
757 3887 969 3969 Ryczerzevy
992 3885 1063 3961 alia,
1095 3886 1232 3948 Iohanni
1254 3887 1383 3968 Pozega
1407 3887 1485 3948 alias
1510 3906 1594 3966 pars.
1628 3885 1710 3948 Item
1735 3906 1808 3948 cere

254 3993 280 4056 C
306 3993 431 4072 lapides
456 3993 508 4056 vel
530 3996 609 4056 citra
633 4003 756 4056 statere
782 3993 980 4057 Lomzensia
1021 3991 1105 4056 Item
1131 3993 1275 4072 prefatus
1300 4003 1439 4056 testator
1463 4005 1592 4056 tenetur
1615 3991 1692 4054 XVI
1718 4013 1809 4056 sexa-

255 4121 357 4182 genas
382 4121 428 4181 gr.
453 4101 635 4181 Iurgipeter
666 4104 727 4162 civi
759 4102 799 4162 de
824 4099 966 4163 Gdansk.
1008 4099 1088 4162 Item
1121 4101 1187 4162 duo
1211 4121 1321 4164 currus
1353 4104 1478 4162 onerati
1503 4101 1543 4162 de
1569 4119 1687 4178 panno.
1726 4099 1808 4162 Item

254 4208 545 4288 Czymbarsczowa
569 4210 601 4270 in
617 4207 752 4271 Gdansk
775 4217 905 4272 tenetur
929 4207 1058 4288 prelato
1082 4209 1232 4270 testatori
1248 4207 1327 4269 XVI
1344 4227 1529 4288 sexagenas
1553 4227 1599 4287 gr.
1625 4207 1705 4268 Item
1722 4206 1809 4287 apud

254 4317 392 4377 eandem
417 4315 708 4395 Czymbarsczowa
740 4317 769 4376 in
795 4313 931 4377 Gdanslt
954 4313 1054 4377 XXV
1078 4335 1244 4396 sexagene
1268 4337 1324 4394 gn,
1357 4315 1472 4392 quibus
1496 4315 1637 4392 receptis
1665 4313 1810 4374 dividant

254 4428 284 4484 in
302 4423 346 4484 III
364 4433 474 4503 partes
499 4443 571 4484 cum
588 4423 731 4485 Iohanne
756 4423 902 4484 Pozeska
926 4435 959 4484 et
976 4421 1140 4484 StaniSlao
1157 4423 1312 4502 Ryczerz.
1338 4422 1418 4482 ltenr
1436 4421 1523 4499 apud
1541 4420 1672 4481 ludeurn
1698 4419 1811 4482 Sloma

255 4531 284 4591 in
310 4528 447 4592 Grodno
479 4529 545 4592 XV
570 4549 736 4610 sexagene
767 4551 813 4612 gr.
853 4529 936 4592 Item
968 4527 1087 4590 ibIdem
1123 4529 1209 4607 apud
1242 4527 1374 4589 Iudeurn
1408 4525 1563 4589 Melchier
1594 4525 1622 4587 L
1646 4547 1810 4606 sexagene

254 4641 359 4698 minus
383 4637 427 4698 lII
452 4638 634 4717 sexagenis,
659 4638 699 4698 de
725 4657 790 4717 quo
814 4637 927 4698 debito
952 4638 1075 4716 recepit
1100 4645 1240 4697 testator
1265 4634 1340 4696 VIII
1365 4653 1548 4715 sexagenas
1573 4643 1605 4694 et
1629 4632 1745 4695 XXIX
1769 4633 1809 4696 la-

255 4745 349 4825 pides
374 4765 446 4808 cere
472 4757 609 4826 purgate
634 4745 713 4806 alias
736 4744 1010 4823 smalcaowarngo
1033 4755 1065 4804 et
1082 4743 1114 4804 V
1131 4744 1221 4804 dicas
1244 4741 1418 4803 defalcavit
1442 4759 1540 4821 super
1563 4739 1702 4818 ohracay.
1729 4739 1809 4802 Item

254 4851 341 4933 apud
365 4853 507 4913 nobilem
533 4852 701 4914 Nicolaum
727 4850 923 4930 Illakowsky
949 4849 1004 4911 CII
1030 4869 1195 4930 sexagene
1220 4861 1253 4910 et
1276 4849 1323 4910 IV
1348 4848 1415 4910 flor.
1441 4849 1520 4910 Item
1546 4848 1682 4908 honeste
1707 4847 1811 4910 Doro·

255 4961 330 5022 thee
355 4961 448 5020 matri
473 4979 530 5020 sue
554 4957 609 5021 CC
634 4979 817 5037 sexagenas
841 4979 886 5038 gr.
912 4959 942 5017 in
967 4957 1082 5018 mediis
1105 4977 1150 5036 gr.
1177 4959 1297 5036 legavit
1321 4965 1354 5016 et
1378 4957 1564 5034 assignavit.
1605 4954 1684 5015 Item
1710 4953 1809 5015 Paulo

256 5089 326 5128 cunr
352 5067 521 5128 Dorothea
546 5068 654 5146 pneris·
679 5067 744 5126 suis
769 5086 883 5126 ornnes
909 5066 1069 5142 pecunias,
1104 5065 1131 5123 in
1158 5065 1275 5142 quibus
1307 5073 1396 5124 tenet
1428 5062 1649 5140 obligaciones
1674 5061 1809 5123 Czarno·

256 5195 359 5255 czyno
383 5187 416 5235 et
435 5174 619 5235 Drosdowo
644 5184 677 5234 et
694 5173 749 5236 CC
766 5191 948 5251 sexagenas
973 5191 1019 5247 gr.
1043 5173 1074 5230 in
1100 5172 1213 5230 mediis
1238 5189 1283 5249 gr.
1309 5170 1397 5230 dedit
1423 5183 1457 5230 et
1481 5170 1609 5246 legavit.
1636 5169 1713 5229 ltern
1735 5168 1808 5228 Bar·

256 5283 332 5342 bare
356 5283 449 5342 uxori
474 5301 531 5342 sue
555 5279 798 5342 CCCLXXVII
823 5299 1005 5358 sexagenas
1029 5299 1075 5356 gr.
1100 5280 1130 5336 In
1157 5280 1270 5338 mediis
1295 5299 1340 5356 gr.
1365 5277 1494 5357 legavit.
1534 5275 1615 5336 ltenr
1648 5275 1809 5338 Stanislao

256 5387 400 5449 Zambek
432 5389 493 5448 cIvi
518 5387 691 5448 Lornzensi
724 5387 810 5448 fratri
836 5407 894 5446 suo
920 5385 951 5446 V
976 5405 1159 5464 sexagenas
1191 5383 1318 5462 legavit.
1361 5385 1441 5444 ltern
1476 5385 1568 5442 matri
1595 5403 1651 5444 sue
1685 5382 1809 5462 prelato

257 5494 303 5556 IV
328 5495 485 5556 coclearia
509 5505 664 5573 argentea
689 5505 721 5555 et
738 5493 879 5554 Barbare
905 5495 995 5554 uxori
1023 5511 1094 5550 cuni
1121 5493 1228 5570 pueris
1253 5493 1318 5552 suis
1345 5490 1406 5550 XX
1432 5489 1550 5570 legavit
1574 5501 1607 5550 et
1625 5490 1809 5567 assignavit.

257 5602 336 5663 Item
363 5601 466 5663 eidem
500 5605 592 5664 uxori
618 5621 714 5660 unum
739 5599 900 5680 cingulum
931 5609 1119 5677 argenteum
1154 5610 1187 5660 et
1212 5598 1381 5658 Dorothee
1415 5595 1478 5656 filie
1502 5615 1559 5656 sue
1585 5594 1688 5658 alium.
1728 5595 1808 5655 Item

255 5729 370 5770 omnes
395 5710 586 5790 margaritas
612 5709 707 5769 uxori
731 5727 803 5768 curn
830 5708 945 5785 pueris.
971 5705 1052 5767 Item
1078 5706 1182 5766 eidem
1216 5707 1307 5766 uxori
1331 5715 1436 5764 ortum
1462 5701 1600 5775 nadolnv
1624 5711 1656 5762 et
1682 5721 1809 5781 prornp-
