4392 6672
884 675 977 728 nera
996 669 1120 726 lumen
1138 671 1274 725 scats
1295 669 1487 726 Phocensts

431 771 487 777 ..-
544 773 552 776 .
567 771 575 776 -
594 771 638 776 .--
652 771 661 775 -
709 769 813 774 -—---
859 769 868 774 -
879 768 1187 774 -.—....-.-————---
1209 765 1545 773 ---——-—-...—-
1567 765 1653 772 ὴ,-
1676 767 1752 772 -.--
1763 767 1770 772 .
1783 767 1848 772 .-
1861 764 1962 772 -

410 887 649 970 pennanebnnt
672 897 706 949 et
730 901 843 949 eorum
872 886 1006 968 quilibet
1037 885 1243 966 permanebit
1273 885 1314 946 ad
1341 893 1491 964 tempora
1514 887 1579 947 uite
1603 902 1669 960 sue,
1700 885 1803 946 eciam
1834 883 1969 964 quilibet

410 995 525 1058 horum
551 995 647 1058 bonis
662 993 795 1066 eisdem,
819 995 863 1054 uti
888 989 981 1055 alicui
1005 1013 1117 1056 eorum
1142 993 1256 1054 melius
1280 1002 1313 1054 et
1337 989 1445 1066 utilius
1468 988 1628 1054 videbitur
1651 991 1818 1072 expedire,
1841 987 1967 1053 util'rue-

410 1115 462 1167 tur
486 1114 520 1165 et
543 1099 584 1164 ad
608 1115 686 1163 suos
709 1099 933 1180 beneplacitos
950 1119 1026 1162 usus
1043 1109 1232 1162 convertere
1249 1101 1369 1180 poterit
1385 1098 1509 1178 absque
1529 1115 1689 1160 consensu
1706 1107 1740 1160 et
1756 1097 1968 1178 requisitione

410 1209 541 1272 alterius
566 1225 626 1270 nec
650 1208 751 1269 eciam
776 1207 881 1270 dictus
905 1203 1064 1270 Albertus
1088 1218 1163 1288 post
1188 1217 1326 1268 mortem
1359 1205 1503 1266 eiusdem
1536 1203 1635 1266 Anne
1667 1205 1807 1283 aliquam
1841 1206 1968 1285 propin-

411 1317 568 1398 quitatem
594 1315 667 1396 ipso
691 1311 778 1376 laeto
802 1315 922 1394 poterit
946 1315 1080 1393 adipisci
1105 1323 1138 1376 et
1163 1333 1223 1376 nec
1246 1311 1317 1394 ipsa
1341 1309 1439 1374 Anna
1463 1313 1609 1374 similiter
1632 1321 1709 1393 post
1732 1321 1872 1372 mortem
1889 1311 1968 1373 dicti

332 1411 337 1420 “
412 1423 540 1486 Alberti
564 1422 612 1484 sui
636 1421 741 1482 mariti
773 1420 907 1484 habebit
938 1421 1076 1502 aliquam
1111 1421 1152 1482 ad
1184 1419 1271 1482 bona
1302 1419 1402 1499 ipsius
1435 1419 1729 1500 propinquitatem;
1763 1419 1826 1479 hoc
1857 1429 1967 1480 tamen

411 1529 615 1610 singulariter
639 1547 806 1609 expresso,
841 1528 928 1608 quod
953 1529 1133 1591 adinvicem
1159 1539 1313 1608 tanquam
1338 1530 1386 1588 uir
1408 1545 1482 1587 cum
1506 1543 1565 1588 sua
1588 1545 1690 1590 uxore
1714 1537 1860 1608 possunt,
1891 1523 1968 1586 dum

412 1636 576 1716 placuerit,
600 1634 797 1696 cohabitare.
830 1633 965 1716 insuper
996 1627 1126 1696 ca'usam
1159 1645 1192 1696 et
1225 1632 1313 1696 litem
1337 1635 1420 1696 inter
1443 1653 1479 1696 se
1503 1636 1677 1696 occasione
1701 1631 1894 1695 simultanee
1917 1651 1967 1694 co·

410 1742 624 1804 habitacionis
648 1749 771 1803 motam
796 1739 827 1802 in
851 1741 980 1822 punctis
1004 1753 1037 1803 et
1061 1740 1211 1804 clausulis
1235 1741 1399 1827 universis,
1431 1742 1461 1802 in
1490 1741 1606 1821 quibus
1630 1741 1794 1822 pendebat
1817 1740 1967 1811 indecisa,

410 1849 562 1911 omnibus
585 1847 809 1919 incidentibus,
841 1848 1084 1929 emergentibus
1115 1857 1148 1910 et
1179 1849 1336 1910 connexis
1367 1865 1464 1910 cause
1496 1847 1603 1910 eidem
1636 1845 1780 1908 ultimum
1816 1845 1909 1907 finem
1934 1857 1968 1908 et

411 1956 578 2019 silencium
603 1965 796 2036 perpetuum
821 1955 1051 2034 imposuerunt.
1085 1954 1319 2036 quemquidem
1351 1964 1553 2016 contractum
1578 1957 1610 2016 in
1634 1955 1700 2017 suis
1723 1952 1874 2016 omnibus
1897 1969 1968 2014 con·

410 2063 589 2126 dicionibus
613 2081 689 2144 pars
705 2073 842 2142 utraque
858 2061 919 2124 sub
935 2061 1031 2123 vadio
1046 2061 1143 2124 XXX
1166 2079 1403 2142 sexagenarum
1422 2058 1589 2124 firmiter..
1613 2077 1809 2124 conservare
1826 2059 1967 2122 debebit.

624 2253 666 2318 A.
697 2267 787 2334 1472,
811 2253 935 2336 Aprilis
959 2267 1010 2334 27,
1035 2255 1065 2316 in
1091 2254 1258 2318 Poltowslr
1283 2255 1313 2314 in
1338 2257 1427 2318 curia
1449 2254 1638 2336 episcopali.

518 2375 580 2444 98.
611 2376 713 2458 (Acta
744 2378 842 2458 episc.
875 2375 963 2456 111)..
995 2377 1123 2440 Nobilis
1149 2377 1262 2442 Petrus
1286 2379 1327 2440 de
1351 2377 1535 2460 Popowo..
1567 2379 1704 2442 ecclesie
1734 2379 1909 2462 parochiali
1935 2383 1966 2442 in

412 2485 639 2568 Wyschegrad
673 2483 715 2547 ad
746 2501 861 2548 manus
891 2485 1103 2548 honestorum
1135 2484 1288 2548 lobannis
1318 2496 1351 2548 et
1384 2485 1507 2547 Nicolai
1543 2486 1585 2548 de
1621 2487 1708 2548 dicta
1741 2487 1968 2568 Wyschegrad

410 2591 555 2655 eiusdem
580 2590 717 2654 ecclesie
742 2591 927 2654 vitricomm
951 2591 996 2653 Xl
1021 2593 1170 2673 capecias
1195 2593 1356 2662 roborum,
1389 2591 1551 2656 videlicet:
1585 2603 1651 2655 tres
1682 2593 1723 2654 ad
1752 2593 1818 2656 XX
1841 2595 1969 2657 cubitos

411 2710 445 2762 et
468 2699 553 2762 duos
575 2697 786 2781 longitudinis
811 2710 844 2763 et
867 2697 1044 2762 latitudinis
1068 2699 1098 2760 in
1124 2697 1187 2761 fine
1211 2701 1348 2762 tenuiori
1382 2701 1475 2762 unius
1500 2699 1591 2780 pedis
1619 2719 1767 2764 cesorum
1799 2701 1879 2764 alias
1901 2701 1968 2784 sta·

410 2806 599 2888 kowanego,·
628 2805 706 2868 item
730 2805 774 2867 111
798 2807 947 2888 capecias
971 2807 1012 2868 ad
1037 2804 1101 2868 XX
1128 2807 1266 2880 cubitos
1298 2807 1378 2869 duas
1410 2825 1488 2870 vero
1518 2811 1683 2888 tignorum
1717 2807 1796 2869 alias
1821 2807 1968 2880 koselow,

411 2921 444 2976 et
467 2913 546 2975 alias
571 2923 636 2974 tres
661 2929 722 2994 pro
746 2912 923 2976 minoribus
948 2913 1047 2993 tignis
1070 2912 1149 2974 alias
1180 2911 1305 2988 latiam
1333 2927 1432 2993 super
1463 2913 1548 2974 aliud
1581 2923 1712 2994 tempus
1743 2916 1828 2976 veris
1860 2933 1968 2995 quam·

411 3019 549 3102 primum
575 3029 651 3101 post
675 3019 909 3082 resolucionem
934 3019 1143 3100 glacierum..
1167 3039 1227 3102 per
1249 3019 1420 3082 decursum
1446 3017 1615 3082 fluviorum
1637 3023 1803 3084 remittere
1819 3021 1918 3084 debet
1934 3031 1969 3084 et

411 3143 471 3207 per
495 3135 665 3206 presentes
687 3145 722 3188 se
746 3123 904 3206 obligavit
928 3128 959 3188 in
985 3123 1200 3207 Wischegrad
1224 3125 1338 3188 eadem
1364 3127 1482 3189 robora
1499 3127 1559 3188 sub
1583 3145 1718 3190 numero
1735 3136 1769 3190 et
1785 3129 1968 3209 quantitate

411 3229 553 3312 tradere;
577 3241 612 3296 et
635 3233 737 3295 eciam
761 3231 879 3315 prelati
904 3233 1006 3296 vitrici
1030 3232 1171 3295 confessi
1196 3244 1271 3296 sunt
1294 3244 1328 3296 et
1353 3253 1388 3296 se
1412 3231 1646 3314 obligaverunt,
1671 3245 1707 3298 ut
1731 3236 1967 3316 quamprimum

412 3339 518 3402 dictus
540 3340 658 3402 nobilis
680 3339 795 3403 Petrus
818 3339 975 3403 ordinatis
1003 3339 1185 3402 huiusmodi
1218 3340 1388 3402 roboribus
1420 3339 1480 3402 illis
1512 3339 1742 3422 significaverit
1774 3359 1835 3424 pro
1865 3355 1969 3404 trans·

412 3447 578 3522 ductione,
603 3445 770 3510 debebunt
794 3447 837 3508 illl
860 3446 908 3510 lV
932 3465 1117 3530 sexagenas
1140 3444 1313 3527 destinare,
1344 3456 1544 3510 comantem
1567 3448 1610 3510 ad
1633 3450 1735 3528 ripam
1759 3449 1800 3510 ad
1825 3447 1969 3511 Wische·

412 3549 493 3633 grad
517 3567 589 3614 cum
615 3552 786 3616 roboribus
810 3553 934 3616 eisdem
958 3553 1160 3634 applicuerit,
1184 3562 1306 3616 extunc
1330 3553 1492 3640 residuum
1518 3555 1724 3634 pecuniarum
1750 3555 1780 3617 in
1803 3554 1874 3618 loro
1894 3575 1968 3616 con·

412 3665 536 3722 tractus
560 3659 643 3722 inter
659 3677 695 3722 se
718 3677 957 3741 expressarum,
983 3659 1133 3722 videlicet
1159 3659 1220 3722 Vll
1245 3679 1437 3740 sexagenas,
1462 3661 1627 3724 debebunt
1652 3663 1712 3744 ipsi
1738 3663 1867 3725 Petro..
1889 3663 1968 3724 dare

411 3777 445 3830 et
467 3765 647 3830 exsolvere.
673 3765 880 3830 Presentibus
903 3767 1024 3830 ibidem
1049 3767 1218 3848 generosis
1240 3769 1316 3830 viris
1333 3767 1454 3829 Mathia
1472 3769 1513 3830 de
1532 3768 1780 3850 Koszyelnycza
1796 3770 1968 3849 capitaneo

410 3873 565 3936 Viznensi
589 3884 622 3937 et
646 3871 745 3936 Pelka
770 3875 811 3936 de
835 3873 1022 3956 Cobilnyky
1046 3873 1189 3955 plebano
1211 3876 1242 3935 in
1261 3875 1539 3956 Dzyerschemino
1556 3877 1629 3938 Rmi
1647 3875 1702 3938 dni
1718 3875 1823 3938 Electi
1839 3879 1966 3939 notario

411 3989 446 4044 et
469 3997 521 4042 me
544 3979 666 4044 Iacobo
690 3991 750 4044 etc.

628 4171 670 4234 A.
701 4186 792 4253 1472,
816 4169 973 4236 Octobris
998 4187 1025 4247 2,
1050 4174 1081 4236 in
1107 4172 1246 4252 lunyecz
1270 4173 1300 4234 in
1325 4174 1411 4234 curia
1436 4173 1623 4254 episcopali.

521 4293 584 4362 99.
608 4297 707 4377 (Acta
722 4297 821 4378 episc.
840 4295 894 4378 llll
905 4345 926 4360 ..
951 4297 1038 4358 Rmo
1054 4309 1149 4380 patre
1165 4297 1314 4378 preclaro
1331 4299 1476 4378 principe
1494 4299 1560 4360 dno
1577 4297 1741 4360 Kaaimiro
1759 4297 1799 4360 D.
1815 4321 1845 4379 g.
1860 4297 1968 4362 electo

413 4403 561 4468 Plocensi
585 4401 776 4466 confirmato
800 4405 882 4467 duce
906 4405 1066 4483 Matovie,
1091 4403 1209 4467 Russie
1233 4415 1293 4466 etc.
1318 4425 1379 4486 pro
1403 4404 1586 4467 tribunali..
1612 4406 1784 4480 residente,
1810 4406 1967 4467 discretus

413 4509 594 4574 Stanislaus
616 4511 657 4574 de
683 4509 824 4592 lunyecz
849 4513 993 4574 minister
1017 4511 1154 4574 ecclesie
1179 4510 1373 4591 parochialis
1397 4511 1428 4573 in
1450 4511 1633 4574 Crolewo..
1658 4513 1829 4592 proposuit
1852 4522 1967 4575 contra

413 4617 591 4694 Nicolaum,
624 4617 797 4698 plebanum
831 4619 862 4680 in
886 4619 1034 4700 lunyecz,
1066 4619 1233 4700 quomodo
1267 4627 1392 4699 partem
1416 4637 1507 4680 suam
1538 4619 1676 4682 colende
1706 4620 1813 4698 ipsum
1838 4639 1966 4680 concer-

413 4735 543 4788 nentem
578 4724 730 4788 videlicet
762 4725 823 4787 Xll
846 4745 893 4807 gr.
917 4727 1047 4787 racione
1079 4727 1205 4787 servicii
1229 4726 1326 4801 scole,
1360 4727 1448 4807 quod
1480 4727 1566 4806 apud
1599 4723 1739 4788 eundem
1763 4744 1850 4788 anno
1873 4745 1966 4806 prox.

411 4834 572 4914 preterito
586 4831 706 4902 habuit,
724 4835 841 4894 retinet
859 4851 918 4894 nec
932 4832 1000 4894 vult
1017 4832 1077 4893 sibi
1094 4830 1230 4904 solvere,
1248 4844 1364 4912 petens
1381 4835 1520 4896 eundem
1537 4831 1690 4912 compelli
1708 4833 1749 4895 ad
1765 4832 1965 4895 solvendum.

413 4939 465 5002 Ex
481 4939 619 5024 aduerso
644 4938 798 5002 Nicolaus
822 4939 981 5020 plebanus
1004 4939 1169 5020 predictus
1193 4941 1225 5000 in
1249 4939 1389 5020 lunyecz
1414 4940 1646 5021 respondendo
1671 4961 1728 5003 sue
1745 4939 1966 5022 proposicioni

413 5047 503 5120 dixit,
528 5045 616 5126 quod
641 5043 778 5108 colenda
802 5057 938 5128 propter
961 5057 1189 5127 paupertatem
1214 5045 1379 5109 hominum
1405 5048 1549 5109 nondum
1567 5045 1640 5130 [est]
1666 5057 1791 5109 exacta.
1816 5047 1859 5109 Et
1883 5047 1966 5109 dnus

413 5153 547 5216 Electus
573 5153 747 5233 plebanum
773 5155 951 5232 predictum
977 5155 1240 5234 condempnavit.
1265 5164 1301 5217 ut
1317 5156 1349 5214 in
1365 5155 1538 5217 exactione
1561 5155 1699 5216 colende
1716 5152 1812 5216 faciat
1835 5153 1966 5234 diligen·

413 5261 494 5323 ciam
519 5273 552 5323 et
576 5260 617 5334 id,
634 5260 723 5341 quod
747 5261 867 5324 dictum
893 5259 1088 5324 Stanislaum
1113 5261 1288 5332 concernit,
1314 5261 1399 5324 sacta
1423 5261 1595 5324 exactione
1618 5261 1733 5324 solvet.
1758 5259 1839 5323 Item
1865 5259 1966 5340 prela·

412 5379 465 5432 tus
481 5367 563 5430 dnus
580 5365 735 5431 Nicolaus
758 5367 800 5429 de
816 5367 955 5450 lunyecz
980 5369 1137 5449 plebanus
1160 5369 1422 5430 reconveniendo
1446 5379 1561 5430 contra
1585 5368 1743 5449 prelatum
1769 5365 1964 5430 Stanislaum

414 5475 592 5556 proposuit,
617 5475 705 5556 quod
729 5477 801 5556 ipse
825 5475 984 5558 plebanus
1008 5477 1138 5536 racione
1162 5484 1324 5538 certorum
1350 5493 1536 5536 sermonum
1562 5473 1602 5536 de
1617 5472 1746 5538 Sanctis
1771 5476 1964 5555 perdicium

413 5582 609 5646 Stanislaum
643 5583 703 5644 sibi
727 5581 1007 5644 rescribendorum
1031 5581 1137 5644 eidem
1162 5579 1325 5668 Stanislao
1357 5582 1447 5644 dedit
1471 5591 1592 5644 certam
1617 5581 1776 5644 decimam
1801 5583 1832 5643 in
1857 5580 1967 5644 valore

413 5687 477 5752 XL
500 5708 547 5771 gr.
571 5703 604 5752 et
628 5709 701 5752 curn
726 5688 788 5751 hoc
812 5689 845 5750 V
868 5709 914 5771 gr.
939 5689 1023 5770 patri
1047 5689 1122 5750 dicti
1149 5687 1311 5762 Stanislai‚
1336 5710 1419 5770 quos
1443 5689 1547 5752 eidem
1574 5691 1703 5752 racione
1728 5709 1845 5752 census
1868 5691 1963 5751 annui
