4392 6672
420 693 556 792 ἔξω,

898 695 991 744 AC'l'A
1010 694 1132 746 IUDICll
1152 697 1288 745 ECCLES.
1310 695 1496 746 PLOCENSIS

671 787 691 789 ..
712 787 832 791 —--.
979 786 1217 794 ---—-———.
1428 788 1723 796 —--.—-.—-‹⁷

420 905 527 968 verbis
552 903 774 968 diffamatoriis
791 907 891 984 ipsius
909 905 1037 986 plebani
1058 919 1092 968 et
1110 907 1356 978 conviciatoriis,
1381 908 1546 968 mandavit
1572 909 1698 970 notario
1716 906 1886 971 Strozewo
1902 928 1974 970 cum

422 1010 560 1091 plebano
585 1011 762 1076 Iuniczensi
787 1012 846 1074 sub
863 1015 1044 1074 iuramento
1069 1015 1246 1076 examinari
1272 1026 1375 1076 testes
1392 1014 1510 1076 ibidem
1535 1017 1653 1076 citatos
1678 1025 1710 1077 et
1728 1016 1871 1094 ipsorum
1889 1017 1975 1077 dicta

421 1121 577 1180 veraciter
609 1122 638 1179 in
663 1121 792 1199 scriptis
817 1121 926 1200 redigi,
959 1121 1036 1200 ipsis
1059 1119 1122 1182 hoc
1154 1122 1258 1200 ipsum
1290 1123 1363 1183 vive
1393 1122 1484 1182 vocis
1515 1120 1647 1182 oraculo
1678 1121 1976 1202 commitendo..¹).

634 1310 675 1372 A.
706 1328 797 1390 1490,
821 1310 977 1374 Octobris
1005 1329 1052 1390 13.
1078 1315 1107 1374 in
1133 1312 1272 1393 lunyecz
1296 1315 1327 1374 in
1351 1314 1438 1374 curia
1462 1313 1650 1394 episcopali.

533 1432 619 1500 164.
650 1436 747 1512 (Acta
771 1439 862 1516 episc
896 1437 979 1513 1111..
1011 1437 1104 1499 Dnus
1136 1437 1240 1498 Rmus
1272 1457 1314 1498 ex
1338 1440 1447 1518 gracia
1479 1439 1610 1519 speciali
1643 1448 1677 1499 et
1700 1438 1740 1500 ad
1767 1434 1973 1523 [peticionem

422 1543 643 1624 personarum!
676 1543 795 1624 ibidem
821 1545 1024 1624 presencium
1056 1545 1267 1624 spiritualium
1297 1556 1330 1606 et
1354 1545 1554 1615 secularium,
1588 1545 1787 1607 videlicet...
1812 1545 1974 1606 venerabi-

420 1652 494 1712 lium
522 1649 688 1712 Michaelis
715 1652 969 1730 Prnszmowsky,
994 1648 1105 1736 [Pauli]
1133 1649 1258 1714 Sulrslai
1277 1651 1554 1714 Wladislaviensis
1578 1663 1612 1715 et
1636 1651 1852 1715 Poltoviensis
1876 1649 1974 1712 archi·

420 1759 557 1826 diaconi,
582 1753 773 1842 [Michaelis]
798 1758 838 1818 de
860 1759 989 1820 Buncza
1014 1761 1241 1820 canonicorum
1267 1759 1479 1830 Plocensium
1504 1778 1805 1839 generosorumque
1817 1807 1887 1818 .....
1914 1757 1975 1818 Na·

421 1865 607 1945 darzynsky
639 1866 864 1926 succamerarii
896 1864 1190 1939 Zaeroczirriensis
1223 1865 1310 1926 Pauli
1322 1915 1393 1927 .....
1426 1864 1719 1928 Czeclronovieusis
1751 1866 1973 1926 succamerarii

421 1988 452 2033 et
477 1973 545 2033 aliis
570 1970 815 2051 quampluribus
839 1972 875 2052 (s)
901 1967 1066 2056 [discreto]
1093 1972 1212 2034 lacobo
1236 1971 1377 2052 plebano
1402 1975 1432 2032 in
1457 1971 1676 2052 Radzymyno
1700 1991 1856 2034 excessus
1880 1989 1974 2050 qnos·

421 2078 499 2140 libet
510 2127 582 2140 .....
607 2077 842 2139 diffamacionis
867 2092 978 2138 contra
1006 2078 1124 2139 Rmum
1150 2080 1249 2140 dnum
1267 2078 1466 2158 Episcopum
1492 2081 1523 2139 in
1542 2097 1713 2157 personam
1736 2097 1827 2140 suam
1852 2087 1885 2140 et
1901 2097 1975 2138 con·

421 2185 492 2246 vicii
516 2187 616 2246 eciam
643 2185 693 2245 hic
716 2186 747 2246 in
773 2187 853 2246 actis
878 2187 1023 2264 superius
1033 2234 1105 2247 .....
1132 2206 1204 2246 eum
1231 2187 1370 2264 receptis
1394 2198 1428 2247 et
1452 2187 1594 2248 actitatis
1619 2185 1757 2259 indulsit,
1782 2197 1911 2246 attento
1934 2204 1975 2246 eo

421 2292 508 2370 qnod
534 2293 574 2352 de
585 2339 655 2352 .....
689 2311 797 2352 coram
827 2294 905 2371 ipsis
937 2293 1077 2354 dominis
1112 2293 1153 2354 ab
1186 2295 1336 2354 omnibus
1367 2293 1557 2356 excessibus
1588 2293 1630 2354 de
1662 2305 1837 2354 cetero...
1861 2303 1975 2353 contra

424 2399 539 2458 Rmum
558 2399 657 2458 dnum
675 2399 822 2477 promisit
847 2408 933 2459 etse
957 2399 1162 2480 presentibus
1186 2399 1351 2478 obligavit,
1377 2399 1539 2461 subiciens
1564 2419 1599 2461 se
1623 2401 1882 2460 correctionibus
1907 2401 1973 2477 qui-

420 2505 530 2567 busvis
554 2505 669 2584 corrigi
695 2507 795 2564 eciam
814 2525 976 2566 carcerum
995 2507 1239 2585 mancipacione
1256 2526 1299 2568 ex
1316 2525 1355 2566 eo
1372 2507 1522 2574 maxime,
1548 2507 1635 2584 quod
1654 2527 1696 2567 ex
1713 2505 1860 2586 predicta
1876 2525 1974 2566 causa

422 2613 672 2691 permutacionis
697 2612 738 2674 de
762 2613 883 2674 diocesi
900 2633 957 2674 sue
974 2613 1042 2675 Ptis
1066 2633 1101 2674 se
1119 2612 1236 2674 obtulit
1261 2631 1472 2686 recessurum,
1497 2615 1600 2674 eciam
1625 2624 1759 2693 propter
1783 2633 1893 2675 casum
1912 2611 1972 2673 for·

421 2720 536 2779 tuitum
569 2719 783 2799 interipsum
815 2729 848 2780 et
873 2731 1000 2800 patrem
1032 2741 1125 2782 suum
1158 2730 1390 2792 occurrentem,
1423 2733 1458 2780 ut
1482 2723 1672 2800 suspicatur,
1706 2719 1837 2797 malum;
1869 2721 1973 2800 ipsum

420 2827 521 2885 eciam
554 2825 736 2886 atermino
768 2826 881 2904 quinta
904 2827 957 2887 die
981 2837 1058 2906 post
1082 2828 1261 2907 ingressum
1287 2825 1412 2888 lelicem
1438 2827 1496 2888 sibi
1529 2829 1560 2888 in
1585 2826 1775 2889 Polthowslr
1800 2847 1858 2908 per
1882 2845 1973 2886 suam

421 2931 512 2993 Ptem
538 2931 663 3012 prefixo
687 2929 895 3002 absolvendo,
920 2933 1125 3012 presentibus
1151 2947 1185 2994 ut
1210 2953 1316 3014 supra.
1346 2931 1379 2994 Si
1405 2953 1482 2994 vero
1507 2935 1577 3014 ipse
1603 2933 1762 3012 plebanus
1786 2953 1828 2995 ex
1852 2931 1971 2992 diocesi

420 3035 545 3116 prefata
570 3040 658 3100 exire
690 3057 756 3100 non
779 3039 949 3113 curaverit,
982 3050 1103 3101 extunc
1126 3059 1242 3102 omnes
1267 3059 1368 3122 penas
1399 3052 1464 3102 tam
1491 3040 1654 3101 sinodales
1687 3059 1782 3119 quam
1808 3057 1972 3100 carcerum

420 3154 533 3204 contra
558 3147 663 3224 ipsum
689 3146 731 3206 ob
756 3147 857 3224 ipsius
881 3166 1035 3208 excessus
1059 3167 1118 3228 per
1135 3147 1254 3208 Rmum
1272 3147 1370 3208 dnum
1390 3145 1590 3227 Episcopum
1617 3147 1767 3209 decretas
1790 3157 1824 3208 et
1845 3147 1877 3206 in
1893 3145 1974 3206 actis

421 3252 626 3329 presentibus
650 3261 821 3314 contentas
846 3265 995 3334 repetere
1020 3252 1128 3332 vultu.

635 3445 674 3506 A.
705 3461 796 3524 1491,
822 3445 1018 3508 Novembris
1042 3467 1071 3523 4.
1096 3447 1126 3508 in
1152 3445 1319 3510 Poltowsk
1343 3451 1374 3508 in
1398 3451 1485 3510 curia
1509 3448 1696 3528 episcopali.

531 3564 618 3632 166.
643 3569 742 3650 (Acta
765 3570 863 3651 episc.
890 3569 980 3652 Vll..
1006 3571 1141 3633 Rmus.
1167 3573 1250 3634 dnus
1274 3570 1388 3633 Petrus
1412 3571 1452 3632 D.
1469 3593 1499 3654 g.
1524 3571 1699 3650 episcopus
1723 3569 1887 3632 Plocensis
1909 3569 1972 3629 Ma-

420 3677 511 3737 zovie
527 3675 735 3738 cancellarius
759 3678 979 3739 misericordia
1002 3689 1171 3758 permotus
1196 3679 1290 3740 acad
1309 3679 1505 3758 peticionem
1522 3677 1750 3739 nonnullorum
1775 3675 1972 3757 prelatorum

419 3804 456 3844 ac
481 3784 613 3844 aliorum
639 3783 816 3863 proborum
840 3784 1006 3846 hominum
1032 3785 1145 3846 honor.
1169 3783 1338 3846 Nicolaum
1363 3785 1499 3846 ecclesie
1524 3784 1717 3864 parochialis
1740 3785 1770 3844 in
1796 3781 1974 3846 Visskowo

419 3901 577 3952 rectorem
604 3891 643 3952 de
667 3891 858 3963 carceribus,
890 3892 931 3954 nd
956 3913 1039 3972 quos
1064 3913 1122 3972 per
1145 3911 1270 3952 sacram
1304 3891 1496 3952 sinodum
1528 3893 1703 3953 novissime
1726 3892 1756 3951 in
1782 3888 1971 3952 Plothonst

420 3997 589 4080 profesto
623 4019 645 4059 s.
671 3997 839 4079 Hedwigis
874 3999 903 4060 in
930 3997 1050 4079 Spiritu
1083 4020 1107 4062 s.
1131 4000 1327 4061 celebratam
1361 4012 1459 4079 atque
1491 4011 1615 4062 tentam
1648 3999 1691 4059 nb
1715 4009 1804 4060 certa
1828 3997 1909 4058 vicia
1940 4005 1973 4056 et

418 4103 569 4168 scandala
604 4126 805 4188 perannum
838 4110 869 4168 in
894 4127 978 4187 pane
1002 4105 1123 4169 doloris
1155 4127 1193 4168 ac
1218 4127 1301 4188 aqua
1326 4107 1459 4169 tristicie
1483 4107 1596 4168 sedere
1622 4105 1680 4166 luit
1703 4105 1889 4184 deputatus,
1917 4102 1973 4165 tali

419 4213 568 4275 videlicet
593 4215 692 4276 modo
717 4213 882 4286 relaxavit,
916 4215 1003 4294 quod
1028 4217 1099 4295 ipse
1124 4213 1277 4278 Nicolaus
1302 4214 1461 4294 plebanus
1493 4215 1523 4274 in
1550 4213 1726 4274 Visslrowo
1749 4213 1846 4274 tactis
1868 4229 1973 4273 sacro·

418 4322 538 4382 sanctis
562 4320 757 4402 Ewangeliis
781 4322 994 4384 iuramentum
1021 4323 1161 4402 prestitit
1185 4321 1354 4402 corporale
1379 4321 1541 4382 residuum
1567 4320 1674 4380 subire
1699 4338 1796 4399 pene:
1822 4337 1880 4398 per
1905 4337 1973 4396 pre·

419 4425 519 4488 latum
546 4427 698 4489 Rmum..
724 4428 821 4488 dnum
846 4427 1047 4509 Episcopum
1073 4430 1188 4490 litteris
1212 4449 1269 4491 sue
1297 4429 1333 4491 R.
1355 4427 1422 4490 Ptis
1447 4439 1501 4489 aut
1525 4427 1642 4488 nuncio
1667 4427 1839 4506 requisitus
1864 4432 1897 4486 et
1921 4441 1973 4484 vo·

418 4545 509 4595 catus
535 4537 643 4595 veniet
667 4533 894 4597 ecclesiasticis
918 4536 977 4597 sub
1000 4537 1180 4598 censuris..

634 4726 674 4788 A.
705 4743 794 4805 1494,
820 4726 953 4788 ianuarii
981 4743 1030 4807 25,
1056 4727 1087 4787 in
1112 4725 1280 4789 Poltowslr
1302 4728 1333 4788 in
1358 4728 1444 4788 curia
1469 4725 1655 4805 episcopali.

533 4845 614 4914 166.
639 4850 735 4932 (Acta
761 4853 860 4931 episc.
879 4849 968 4931 vn..
993 4849 1110 4913 Coram
1138 4851 1256 4912 Rmo..
1282 4853 1347 4914 dno
1373 4849 1500 4912 Petro..
1526 4850 1684 4930 episcopo
1710 4847 1888 4910 Plocensi..
1913 4849 1972 4910 dis·

418 4966 526 5018 cretus
558 4956 738 5018 Stanislaus
770 4958 896 5020 Modzel
929 4957 1064 5020 scolaris
1096 4957 1135 5017 de
1160 4956 1318 5019 Lomza..
1352 4959 1523 5038 proposuit
1556 4957 1658 5018 verbo
1689 4967 1803 5016 contra
1832 4952 1973 5015 nobilem

418 5061 589 5124 Derslaum
616 5063 840 5126 Czalowanski
864 5066 1092 5146 proconsulem
1118 5063 1344 5134 Lomzensem,
1369 5063 1457 5144 quod
1479 5063 1618 5124 eundem
1644 5059 1832 5124 infamasset
1855 5062 1886 5120 in
1905 5079 1973 5140 pre·

417 5169 512 5240 torio,
537 5168 658 5233 faciens
683 5189 755 5232 eum
780 5171 821 5232 de
839 5171 927 5234 scola
950 5171 1112 5232 violenter
1136 5188 1251 5252 rapere
1275 5181 1309 5233 et
1325 5169 1496 5232 adducere.
1521 5171 1574 5233 Ex
1589 5169 1729 5231 adverso
1753 5168 1866 5230 honor.
1891 5165 1973 5228 Leo·

418 5277 537 5338 nardus
562 5280 647 5340 curie
672 5279 817 5340 notarius
841 5289 1033 5358 procurator
1058 5279 1220 5358 legitimus
1245 5277 1362 5356 prelati
1386 5275 1611 5340 Czalowanslri
1636 5285 1751 5337 contra
1774 5273 1973 5355 proposicio·

419 5404 492 5445 nem
517 5383 701 5446 huiusmodi
734 5383 887 5466 allegavit
912 5387 970 5446 sic:
1007 5386 1091 5447 Rme
1123 5385 1262 5458 domine,
1298 5383 1376 5446 Ptas
1400 5384 1439 5444 V.
1464 5385 1543 5465 ipsis
1575 5384 1699 5445 civibus
1730 5393 1763 5444 et
1787 5377 1973 5463 proconsuli

418 5493 483 5553 suis
509 5492 695 5573 patentibus
719 5491 833 5555 litteris
858 5494 1024 5554 mandavit
1056 5492 1199 5554 scolares
1223 5493 1412 5554 excessivos
1436 5512 1550 5571 rapere
1580 5500 1613 5552 et
1637 5511 1694 5552 sue
1719 5489 1804 5551 Rme
1828 5487 1877 5550 Pti
1902 5487 1971 5548 diri·

527 5719 544 5786 ¹)
564 5721 629 5770 Lnlri
648 5739 670 5770 w
689 5721 784 5771 teirscie
803 5721 934 5786 pochod24
952 5736 980 5768 ze
998 5720 1150 5770 zniszcaeuia
1168 5720 1242 5786 kerty
1260 5721 1386 5786 relropisu.
