4458 6674
424 685 465 746 88
904 679 973 731 ΑΕΓ
975 683 998 729 Α
1016 681 1140 731 IUDICII
1158 679 1295 731 ECCLES.
1315 679 1502 730 PLOCENSIS

425 773 719 782 .-—-.---.-.—.---—
921 771 1807 780 —-——-——-—--————-—-—-·-———
1814 771 1912 778 --.—.
1919 771 1976 777 -.—

425 899 606 958 iuramento
630 895 671 956 de
688 896 808 976 prediis
832 895 979 973 antiquis,
1004 895 1181 975 respondit,
1206 895 1294 974 quod
1318 895 1349 955 in
1366 901 1438 956 tota
1454 894 1528 954 villa
1545 893 1691 974 Zyelona
1715 904 1790 955 sunt
1807 891 1978 957 CXXXIII

425 1023 566 1074 mansos,
598 1002 782 1083 exquibus
808 1001 934 1062 suerunt
958 1002 1019 1062 tria
1044 1000 1166 1082 predia,
1199 1003 1230 1062 in
1255 1001 1372 1081 quibus
1396 1002 1517 1090 prediis
1549 999 1676 1063 fuerunt
1700 1000 1841 1063 XXXIII
1867 1005 1978 1072 mansi,

425 1122 501 1190 post
533 1129 616 1191 quos
649 1109 807 1191 plebanus
840 1128 882 1170 ex
906 1110 1040 1188 antiquo
1073 1107 1209 1170 tollebat
1241 1109 1411 1178 decimam,
1447 1107 1540 1171 exC
1573 1129 1651 1169 vero
1676 1110 1796 1170 mansis
1828 1130 1889 1190 pro
1913 1111 1979 1171 dno

425 1217 592 1298 Episcopo
617 1237 676 1298 pro
700 1228 850 1297 tempore
874 1218 1037 1278 existente
1062 1215 1292 1278 decimabatur.
1326 1215 1408 1277 Item
1432 1217 1653 1296 interrogatus
1677 1217 1770 1278 testis
1794 1217 1836 1278 de
1860 1217 1980 1296 prediis

424 1325 561 1388 dnorum
586 1325 672 1386 Petri
696 1336 729 1386 et
752 1325 852 1406 glotis
877 1344 934 1385 sue
959 1323 1066 1384 Iacobi
1091 1325 1262 1394 consortiS,
1286 1325 1408 1386 ausint
1433 1326 1566 1404 antiqua
1591 1325 1703 1404 predia
1727 1323 1778 1386 vel
1800 1326 1867 1406 agri
1893 1323 1980 1386 kme-

425 1431 582 1508 thonales
607 1431 688 1493 dixit
713 1451 748 1492 se
771 1433 905 1492 nescire.
945 1429 1026 1492 Item
1051 1433 1271 1508 Interrogatus
1295 1431 1336 1490 de
1359 1429 1526 1492 locacione
1551 1431 1774 1506 lnnethonum,
1807 1451 1891 1512 quos
1916 1431 1980 1512 ple·

425 1539 530 1602 banus
561 1540 688 1614 locavit,
720 1549 756 1598 ut
780 1537 904 1610 dicitur,
937 1539 966 1598 in
992 1539 1077 1618 agris
1109 1537 1307 1618 predialibus
1338 1538 1398 1598 sibi
1423 1547 1561 1618 paterno
1593 1538 1660 1599 iure
1683 1537 1855 1612 derelictis,
1888 1540 1981 1600 testis

426 1647 603 1728 respondit,
629 1647 715 1726 quod
740 1646 861 1707 audivit
884 1644 926 1705 ab
950 1647 1091 1724 antiquis
1117 1644 1348 1706 kmethonibus
1373 1645 1404 1704 ln
1428 1642 1583 1724 Zyelona‚
1608 1644 1695 1724 quod
1721 1646 1789 1724 agri
1814 1645 1877 1706 sint
1901 1664 1980 1724 pure

427 1752 597 1836 prediales.
636 1751 719 1815 Item
744 1753 784 1813 de
809 1751 1015 1832 Cossczyska
1040 1754 1259 1834 interrogatus
1284 1753 1395 1814 nescit.
1435 1751 1516 1812 Item
1541 1752 1761 1832 interrogatus
1790 1751 1982 1814 dedecima

426 1862 457 1923 ln
482 1859 641 1923 Cossowo
665 1859 845 1940 respondit,
868 1860 955 1940 quod
981 1858 1111 1920 luerunt
1134 1857 1175 1918 ab
1200 1859 1295 1920 inicio
1319 1855 1392 1920 ville
1417 1857 1551 1933 nobiIes,
1577 1859 1709 1920 tandem
1735 1870 1812 1939 post
1836 1878 1894 1920 eos
1917 1857 1980 1920 VII

426 1969 630 2040 kmethones,
655 1977 732 2049 post
757 1988 848 2048 quos,
873 1979 908 2029 ut
924 1968 1016 2028 testis
1040 1967 1202 2046 deposuit,
1228 1965 1450 2027 decimabatur
1474 1985 1533 2045 pro
1557 1967 1623 2027 dno
1648 1966 1824 2046 Episcopo,
1849 1965 1980 2028 tandem

426 2075 617 2138 durantibus
641 2073 733 2136 bellis
758 2074 1034 2136 Pruthenicalrbus
1058 2073 1255 2135 kmethones
1278 2075 1392 2136 sedere
1416 2075 1448 2135 ln
1464 2073 1525 2136 illis
1549 2073 1670 2135 mansis
1693 2073 1868 2146 desierunt,
1891 2073 1982 2134 here·

417 2183 486 2244 'des
510 2203 588 2245 vero
613 2181 685 2243 ville
711 2182 855 2262 predicte
879 2180 1065 2242 vendebant
1091 2201 1188 2261 agros
1213 2178 1443 2242 kmethonibus
1467 2173 1601 2241 aliar'um
1626 2179 1779 2248 villarum,
1805 2191 1882 2260 post
1899 2199 1982 2260 quos

428 2310 488 2370 pro
513 2291 578 2352 dno
610 2289 777 2369 Episcopo
809 2289 1039 2360 decimabatur,
1075 2307 1159 2349 nunc
1189 2306 1269 2350 vero
1300 2305 1397 2368 agros
1429 2288 1575 2368 predicte
1600 2287 1674 2348 ville
1707 2285 1831 2349 nobiles
1863 2283 1982 2359 colunt,

428 2407 504 2479 post
528 2415 665 2476 quorum
698 2397 840 2458 culturas
874 2395 1033 2474 plebanus
1065 2395 1148 2456 tollit
1172 2395 1340 2456 decimam.
1380 2393 1422 2456 Et
1447 2395 1540 2456 testis
1571 2393 1705 2455 cosdem
1735 2413 1832 2473 agros
1857 2391 1982 2474 prefate

427 2503 500 2566 ville
524 2503 683 2566 Cossowo
708 2503 750 2564 ab
772 2504 907 2583 antiquo
932 2503 1016 2566 dixit
1040 2501 1137 2564 luisse
1162 2501 1358 2583 prediales..

536 2606 626 2674 210.
650 2610 804 2690 (Ibidem).
843 2611 923 2671 Item
957 2631 1056 2690 super
1087 2610 1221 2671 decimis
1245 2605 1298 2694 [in]
1325 2608 1561 2690 Lyppowyeca
1591 2617 1732 2670 testes
1763 2607 1873 2670 medio
1905 2609 1982 2668 iura·

429 2731 539 2780 mento
563 2717 747 2790 examinati,
773 2729 807 2780 et
831 2718 947 2796 primo:

535 2825 699 2886 PrImus
723 2824 816 2886 testis
840 2823 957 2886 nobilis
982 2823 1135 2886 Nicolaus
1159 2823 1199 2884 de
1217 2822 1345 2885 Thurza
1369 2823 1410 2884 de
1427 2823 1524 2883 armis
1548 2821 1827 2884 Nalanczov..
1851 2840 1983 2902 respon·

429 2931 485 3006 dit,
517 2933 605 3014 quod
630 2943 704 2994 sunt
728 2930 806 2992 XIII
830 2933 932 2992 mansi
967 2951 1025 3012 per
1049 2931 1153 3012 ipsum
1179 2940 1297 2992 testem
1323 2940 1356 2992 et
1380 2930 1477 2990 alium
1501 2947 1594 2991 suurn
1619 2927 1751 2990 fratrem
1777 2949 1795 2990 a
1819 2927 1871 2988 L⁸²
1892 2930 1984 2990 annis

429 3051 484 3101 aut
501 3037 583 3100 ultra
609 3036 839 3100 kmethonibus
863 3037 970 3112 locati,
995 3059 1053 3121 per
1070 3057 1153 3118 quos
1169 3038 1235 3099 dno
1252 3036 1420 3118 Episcopo
1441 3037 1576 3099 solvitur
1592 3037 1725 3099 decima.
1751 3035 1983 3118 Interrogatus

429 3148 456 3208 si
472 3147 528 3226 qui
544 3146 608 3207 sint
624 3146 691 3228 agri
709 3145 880 3226 prediales,
899 3147 992 3208 testis
1009 3147 1187 3226 respondit,
1212 3145 1301 3226 quod
1318 3156 1392 3206 sunt
1408 3145 1478 3225 agri
1495 3143 1662 3222 speciales,
1687 3163 1855 3204 numerum
1874 3152 1984 3204 tamen

429 3273 614 3316 mansorum
640 3253 777 3332 ignorat,
809 3255 841 3314 in
865 3253 981 3332 quibus
1004 3273 1169 3332 nunquam
1194 3251 1390 3314 kmethones
1413 3251 1608 3325 residebant,
1642 3251 1821 3332 adiungens
1844 3253 1983 3331 insuper,

431 3360 519 3443 quod
544 3358 694 3422 meliores
718 3361 785 3440 agri
818 3357 925 3422 inculti
951 3361 1094 3421 iacerent
1126 3360 1169 3422 ob
1193 3361 1410 3422 crescenciam
1443 3361 1474 3420 in
1499 3361 1545 3420 eis
1568 3360 1732 3430 roborum,
1766 3377 1850 3439 quos
1874 3367 1984 3418 tamen

430 3487 528 3549 agros
552 3467 633 3530 dixit
657 3487 692 3528 se
717 3467 930 3545 extirpandos
954 3477 987 3527 et
1010 3469 1072 3527 iam
1097 3469 1128 3528 in
1154 3479 1247 3547 parte
1271 3469 1461 3545 extirpatos.
1494 3467 1717 3547 Interrogatus
1741 3467 1782 3527 de
1806 3483 1928 3538 manso,
1953 3464 1984 3524 in

431 3595 496 3655 quo
521 3593 597 3636 suus
622 3572 742 3636 residet
758 3571 848 3646 filius,
873 3575 1051 3654 respondit,
1076 3575 1163 3653 quod
1188 3593 1232 3634 ex
1250 3574 1363 3653 predio
1388 3593 1470 3653 puro
1486 3573 1527 3634 illi
1545 3573 1753 3635 condiviserit
1770 3582 1803 3634 et
1820 3589 1983 3651 nunquam

431 3683 536 3743 dictus
560 3699 691 3742 mansus
723 3699 823 3741 asua
847 3681 1070 3762 extirpacione
1102 3701 1145 3743 ex
1169 3681 1276 3742 radice
1309 3679 1368 3742 fuit
1399 3678 1617 3742 kmethonalis
1649 3689 1683 3741 et
1711 3680 1752 3741 de
1776 3679 1839 3740 isto
1871 3697 1985 3739 manso

430 3789 514 3851 dnus
538 3785 743 3867 Slubowsky,
776 3785 881 3849 factor
904 3787 956 3848 dni
982 3787 1146 3869 Episcopi,
1178 3789 1336 3849 decImam
1370 3789 1559 3870 expetebat.
1600 3787 1832 3868 Interrogatus,
1862 3807 1881 3846 a
1906 3795 1985 3866 quot

431 3896 523 3958 annis
548 3893 614 3956 tilio
638 3895 846 3956 condiviserit
869 3893 991 3956 dictum
1016 3914 1173 3965 mansum,
1198 3893 1376 3974 respondit,
1401 3895 1489 3974 quod
1514 3915 1532 3956 a
1557 3893 1585 3956 II
1609 3895 1710 3955 annis.
1746 3894 1827 3954 Item
1854 3893 1985 3954 interro-

433 4015 530 4084 gatus
548 4004 588 4064 de
605 4003 693 4075 ortis,
718 4003 749 4062 in
768 4000 885 4080 quibus
901 4004 931 4062 in
949 4001 1186 4082 Lyppowyecz
1210 4000 1349 4064 ortulani
1373 4003 1524 4074 resident,
1549 4001 1727 4082 respondit,
1753 4001 1841 4081 quod
1866 3999 1987 4062 domini

432 4121 465 4172 et
489 4107 627 4170 heredes
659 4109 688 4168 in
713 4107 832 4170 ibIdem
857 4109 980 4170 eisdem
1014 4111 1055 4170 de
1081 4111 1219 4190 propriis
1243 4111 1330 4188 agris
1355 4109 1552 4187 predialibus
1576 4121 1667 4170 ortos
1698 4119 1732 4170 et
1756 4125 1854 4188 agros
1878 4125 1985 4168 emen·
2029 4171 2033 4178 ⁴

432 4229 581 4280 surarunt
605 4227 638 4278 et
663 4216 693 4276 in
710 4217 832 4277 eisdem
857 4216 992 4278 eosdem
1017 4215 1213 4278 locaverunt.
1240 4215 1470 4297 Interrogatus,
1495 4225 1612 4295 aquot
1629 4216 1721 4276 annis
1746 4213 1822 4276 dicti
1846 4213 1986 4275 ortulani

432 4325 463 4386 in
488 4325 610 4385 eisdem
635 4324 721 4405 agris
745 4323 841 4384 locati
866 4333 950 4406 sunt,
975 4325 1155 4402 respondit,
1180 4323 1311 4404 quoda
1336 4321 1399 4384 XX
1423 4326 1503 4386 citra
1528 4322 1577 4384 vel
1602 4321 1694 4384 ultra.
1730 4319 1837 4400 Super
1860 4320 1987 4381 decima

433 4435 464 4493 in
490 4429 677 4494 Kanczewo
700 4430 866 4510 deponere
890 4431 1060 4492 nescivit..

539 4536 719 4600 Tercius
743 4537 837 4599 testis
869 4535 985 4598 nobilis
1009 4536 1145 4600 lacobus
1170 4536 1386 4598 Kanczewski
1417 4537 1459 4598 de
1483 4535 1671 4599 Kanczewo
1701 4537 1743 4599 de
1767 4536 1864 4597 armis
1888 4532 1987 4598 Cho-

434 4643 574 4726 lewy..
606 4643 857 4724 interrogatus..
887 4646 928 4706 de
952 4663 1075 4718 manso,
1107 4645 1149 4706 de
1174 4665 1239 4724 quo
1263 4663 1315 4704 res
1339 4644 1453 4724 agitur,
1487 4645 1513 4704 si
1538 4642 1711 4721 aliquando
1737 4663 1867 4704 mansus
1892 4641 1987 4704 luerit

433 4751 660 4823 kmethonalis
684 4753 778 4814 testis
801 4752 979 4832 respondit.
1009 4751 1097 4832 quod
1122 4753 1176 4823 sic,
1200 4771 1296 4831 quem
1321 4761 1431 4812 tamen
1456 4751 1586 4812 dicebat
1609 4751 1809 4812 desertarum
1834 4769 1853 4811 a
1876 4747 1987 4812 XVIII

434 4861 534 4922 annis.
571 4860 803 4940 Interrogatus,
840 4861 866 4921 si
892 4859 946 4939 qui
970 4862 1034 4920 sint
1057 4861 1160 4920 mansi
1192 4861 1270 4920 certi
1303 4857 1531 4920 kmethonales
1562 4857 1659 4920 locati
1690 4869 1723 4919 et
1752 4857 1985 4938 possessionati

434 4965 673 5040 kmethonibus,
707 4966 884 5046 respondit,
917 4967 1005 5046 quod
1029 4977 1103 5028 sunt
1127 4965 1182 5039 XI,
1214 4976 1247 5028 et
1270 4963 1355 5026 hunc
1380 4985 1537 5040 mansum,
1569 4965 1596 5026 si
1619 4985 1655 5026 se
1680 4963 1812 5026 offerret
1843 4963 1986 5034 kmeth0,

434 5072 585 5136 locarem.
618 5073 699 5134 Item
725 5073 944 5154 interrogatus
969 5074 1009 5135 de
1034 5075 1114 5136 ortIs
1138 5072 1252 5136 locatis
1275 5073 1306 5134 in
1332 5071 1551 5152 Lippowyecz
1576 5073 1740 5140 ortulanIs,
1765 5073 1791 5133 si
1815 5069 1933 5150 aliquid
1959 5069 1986 5128 ei

434 5191 608 5252 constaret,
641 5181 726 5243 unde
761 5181 860 5242 erecti
892 5192 1110 5254 accreverunt,
1146 5181 1321 5261 respondit,
1354 5181 1442 5260 quod
1474 5178 1594 5240 domini
1627 5197 1670 5240 ex
1692 5180 1780 5258 agris
1810 5179 1876 5239 suis
1908 5195 1987 5256 pure

435 5287 631 5367 predialibus
647 5300 783 5369 propter
799 5288 945 5350 laborem
963 5297 996 5348 et
1012 5289 1184 5349 utilitatem
1202 5289 1326 5348 eisdem
1343 5289 1593 5360 condiviseruut,
1611 5297 1644 5348 et
1661 5295 1788 5347 tantum
1805 5284 1979 5364 deposuit.

542 5391 634 5460 211.
657 5395 811 5477 (Ibidem).
836 5393 992 5456 Testes
1016 5415 1115 5475 super
1138 5395 1273 5456 decImis
1297 5395 1327 5454 in
1352 5393 1539 5475 Lubowycz
1562 5393 1753 5456 examinati:

542 5501 764 5566 Secundus
787 5502 883 5564 testis
901 5502 1019 5563 nobilis
1035 5501 1178 5562 Mathias
1201 5503 1244 5562 de
1260 5500 1483 5581 Lubowycz..
1506 5503 1732 5582 interrogatus,
1758 5500 1784 5560 si
1799 5497 1897 5577 aliqui
1914 5505 1988 5558 sunt

435 5613 505 5692 agri
536 5608 765 5672 kmethonales
796 5610 828 5669 in
853 5606 1024 5682 Ossowka,
1057 5609 1234 5690 respondit,
1271 5609 1359 5690 quod
1392 5618 1467 5670 ante
1500 5606 1583 5670 bella
1614 5605 1828 5669 Prutenicalia
1859 5603 1988 5666 luerunt

435 5717 497 5782 VII
522 5717 717 5780 kmethones
741 5717 837 5778 locati
869 5719 901 5778 in
925 5715 988 5779 VII
1012 5719 1132 5778 mansis
1167 5726 1244 5797 post
1268 5735 1405 5796 quorum
1438 5715 1580 5777 culturas
1611 5713 1693 5776 dnus
1718 5713 1904 5795 Episcopus
1928 5731 1987 5794 pro
