4458 6674
932 710 1020 759 ANNI
1040 706 1118 762 1508.
1741 731 1751 770 ι
1758 723 1797 789 25

246 925 329 986 dnus
352 923 509 986 Erasmus
542 922 578 982 D.
603 943 633 1003 g.
657 924 834 1002 episcopus
867 921 1064 991 Plocensis,..
1089 923 1232 983 decrevit
1265 923 1433 1002 perpetuis
1465 921 1667 1000 temporibus
1692 921 1800 984 obser·

247 1031 394 1100 vandum,
419 1029 506 1110 quod
531 1029 681 1090 videlicet
706 1030 767 1108 ipsi
785 1027 979 1090 lnnethones
1004 1037 1037 1090 et
1053 1029 1158 1089 incole
1184 1027 1256 1090 ville
1282 1027 1407 1108 prefate
1431 1031 1463 1089 in
1480 1027 1675 1091 Sczuthowo
1692 1031 1800 1092 omnia

247 1149 449 1198 sacramenta
482 1135 701 1198 ecclesiastica
725 1136 898 1215 divinaque
923 1133 1039 1211 officia,
1071 1137 1268 1215 sepulturam
1294 1137 1546 1198 ecclesiasticam
1579 1147 1612 1198 et
1636 1147 1746 1199 cetera
1769 1138 1800 1197 in

249 1244 421 1320 parochiali
455 1244 592 1304 ecclesia
618 1240 796 1304 Gorznensi
822 1243 1002 1322 percipiant
1027 1255 1061 1304 et
1085 1243 1215 1303 audiant
1248 1245 1490 1323 oratoriumque
1519 1246 1550 1304 in
1576 1245 1803 1322 prenominata

248 1353 321 1414 villa
345 1354 391 1412 sic
408 1363 608 1412 exstructum
628 1348 712 1410 nulla
728 1351 797 1410 iura
815 1349 1012 1428 parochialia
1035 1348 1164 1419 habeat,
1189 1361 1312 1430 exepto
1337 1371 1377 1412 eo
1393 1351 1420 1411 si
1436 1369 1530 1412 casus
1554 1351 1686 1424 venerit,
1712 1351 1800 1430 quod

247 1458 361 1540 aliquis
386 1469 532 1520 mortuus
555 1459 587 1518 in
610 1455 666 1518 illo
690 1455 763 1518 loco
788 1476 952 1518 excausa
975 1459 1058 1518 iusta
1083 1458 1124 1518 ad
1151 1456 1368 1538 parochialem
1394 1457 1564 1518 ecclesiam
1596 1455 1801 1537 sepeliendus

246 1567 384 1628 conduci
417 1585 481 1626 non
507 1577 619 1643 posset
651 1577 707 1626 aut
732 1585 796 1624 non
821 1563 947 1628 debeat.
981 1575 1101 1624 extunc
1126 1565 1166 1626 de
1191 1566 1327 1626 sciencia
1360 1576 1393 1625 et
1417 1561 1583 1625 voluntate
1607 1567 1708 1644 ipsius
1733 1584 1801 1644 pre·

249 1673 346 1754 positi
370 1673 497 1751 sepeliri
531 1673 651 1751 poterit
675 1673 759 1732 circa
783 1671 959 1732 oratorium
986 1670 1146 1748 prelatum
1180 1672 1209 1730 in
1235 1669 1439 1732 Sczuthowo.
1480 1671 1522 1732 Et
1547 1671 1699 1750 quoniam
1729 1690 1802 1731 una-

249 1797 376 1859 queque
400 1776 537 1839 ecclesia
561 1779 702 1838 maxime
727 1789 917 1838 consecrata
941 1778 1057 1838 divinis
1074 1775 1185 1838 olficiis
1202 1797 1312 1839 carere
1337 1797 1399 1837 non
1418 1779 1525 1850 debet,
1550 1780 1694 1838 decrevit
1716 1776 1801 1838 idem

249 1887 330 1946 dnus
356 1885 465 1958 limus,
498 1885 586 1962 quod
617 1885 701 1946 idem
735 1887 921 1965 prepositus
954 1906 1014 1965 pro
1039 1897 1187 1963 tempore
1219 1886 1366 1947 existens
1399 1905 1515 1964 perse
1549 1884 1599 1946 vel
1623 1905 1682 1964 per
1705 1885 1800 1944 alium

249 2001 362 2071 quater
393 1993 424 2052 in
448 2012 533 2052 anno
565 1993 717 2052 incertis
748 1992 1017 2061 solemnitatibus
1056 2011 1136 2071 quas
1168 2013 1312 2071 congrue
1336 1993 1485 2053 attendet
1517 2003 1551 2054 et
1574 1991 1802 2062 considerabit,

250 2100 355 2160 divina
379 2101 547 2160 missarum
573 2097 718 2160 solennia
741 2100 861 2160 ibidem
887 2111 1030 2180 peragat,
1057 2101 1187 2178 proviso
1211 2120 1260 2172 eo,
1286 2101 1374 2179 quod
1398 2100 1487 2160 locus
1511 2100 1562 2160 ille
1586 2099 1703 2160 debitis
1727 2101 1803 2160 ceri-

249 2207 364 2267 moniis
388 2225 453 2267 non
478 2217 595 2267 careat.
621 2205 663 2268 Et
688 2206 912 2268 nichilominus
936 2207 1019 2268 idern
1046 2205 1240 2269 lemethunes
1264 2219 1297 2267 et
1322 2206 1426 2267 incole
1451 2207 1578 2268 solvent
1601 2208 1663 2286 ipsi
1687 2227 1803 2286 prepo-

250 2313 312 2374 sito
336 2315 445 2374 omnia
467 2312 528 2380 illa,
554 2332 618 2392 que
634 2333 675 2374 ex
693 2315 827 2392 antiquo
852 2312 977 2376 solvere
1003 2324 1254 2376 consueverunt:
1278 2313 1438 2374 frumenta
1455 2311 1603 2375 videlicet
1627 2324 1660 2376 et
1677 2324 1803 2375 ceteras

250 2421 404 2482 collectas
429 2421 700 2499 contribuentque
724 2439 797 2482 curn
822 2419 892 2482 aliis
917 2419 1121 2499 parochianis
1145 2421 1364 2483 destructura
1388 2421 1477 2484 scole
1501 2431 1534 2483 et
1558 2419 1690 2481 aliarum
1715 2440 1802 2480 man·

250 2529 375 2588 sionum
409 2530 491 2588 circa
517 2527 687 2590 ecclesiam
715 2527 931 2606 parochialem
962 2529 993 2588 in
1020 2526 1150 2588 Gorzno
1182 2529 1358 2590 secundum
1384 2529 1653 2591 consuetudinem
1682 2529 1802 2590 dudum

251 2633 457 2695 observatam
481 2653 542 2694 nec
567 2635 685 2714 aliquid
710 2655 752 2695 ex
770 2635 864 2694 rebus
888 2634 1034 2715 ecclesie,
1058 2636 1259 2697 vestimentis
1283 2633 1334 2696 vel
1358 2635 1439 2710 aliis,
1464 2657 1527 2716 que
1551 2636 1591 2696 ad
1615 2634 1735 2698 cultum
1759 2636 1803 2696 di-

250 2742 357 2802 vinum
386 2743 562 2820 pertinent,
594 2740 667 2802 illuc
692 2743 898 2812 detinebunt,
931 2741 989 2804 sed
1013 2745 1084 2823 ipse
1109 2744 1295 2823 prepositus
1327 2741 1503 2804 secundum
1534 2743 1802 2806 consuetudinem

242 2839 384 2910 ¹ecclesie
409 2868 465 2909 sue
489 2851 522 2910 in
547 2847 677 2912 Gorzno
701 2852 810 2912 omnia
833 2851 993 2929 premissa
1016 2870 1152 2910 unacum
1178 2850 1299 2912 vitricis
1323 2849 1499 2912 habebunt.

462 3040 505 3102 A.
535 3043 624 3120 1508,
650 3041 730 3104 Iunii
754 3057 782 3122 7,
806 3045 838 3104 in
862 3042 1032 3106 Poltowslr
1056 3047 1087 3105 in
1111 3047 1197 3106 curia
1222 3041 1408 3124 episcopali.

357 3163 447 3230 270.
472 3168 570 3248 (Acta
593 3171 690 3247 episc.
715 3167 819 3243 Vlll..
846 3167 1034 3232 Conductus
1058 3173 1126 3232 sive
1151 3171 1358 3250 appreciatus
1378 3159 1432 3230 ¹est
1454 3167 1615 3249 Georgius
1640 3166 1746 3230 Czach
1764 3166 1804 3227 de

252 3272 459 3350 Chomyatha
490 3285 634 3338 murator
666 3296 724 3354 per
748 3275 902 3337 Rmum..
935 3276 1033 3338 dnum
1067 3277 1236 3338 Erasmum
1273 3277 1312 3338 D.
1336 3297 1366 3356 g.
1391 3279 1582 3356 episcopum
1614 3273 1804 3335 Plocensem

252 3401 310 3458 pro
334 3381 603 3443 circumducenda
627 3403 720 3442 muro
744 3385 875 3444 civitate
901 3383 1096 3445 Poltoviensi
1126 3383 1181 3446 tali
1207 3386 1314 3452 modo,
1347 3383 1435 3462 quod
1459 3385 1529 3462 ipse
1555 3381 1715 3462 Georgius
1740 3401 1804 3440 mu-

251 3499 338 3549 rator
362 3489 493 3549 debebit
518 3489 684 3550 elaborare
702 3491 856 3569 virgulam
882 3494 924 3553 de
941 3512 1041 3564 nrum,
1067 3493 1242 3571 vulgariter
1261 3490 1392 3571 prank,
1417 3491 1547 3552 adeam
1570 3489 1803 3569 longitudinem

251 3607 283 3655 et
307 3595 517 3664 altitudinem,
551 3597 590 3656 ad
617 3616 713 3676 quarn
739 3598 896 3660 laboravit
928 3601 959 3658 in
984 3619 1111 3660 summo
1135 3599 1355 3669 Poznaniensi‚
1388 3619 1448 3679 pro
1473 3618 1533 3660 sex
1556 3599 1672 3658 marcis
1696 3615 1804 3658 unam·

251 3721 414 3781 quamque
439 3703 603 3782 virgulam.
637 3725 746 3766 murus
771 3725 848 3766 vero
873 3708 1122 3786 circumquaque
1154 3708 1252 3767 debet
1276 3705 1342 3766 fieri
1367 3705 1415 3767 IV
1439 3704 1574 3766 laterum
1600 3706 1630 3764 in
1656 3701 1804 3782 turribus¹

251 3808 383 3869 habebit
408 3821 483 3887 post
507 3815 790 3872 consumacionem
825 3814 1073 3892 uniuscuiusque
1105 3815 1200 3875 turris
1232 3833 1330 3893 supra
1356 3814 1497 3891 precium
1523 3813 1584 3871 iam
1610 3809 1731 3872 dictum
1757 3809 1805 3870 lV

251 3935 383 3977 marcas.
420 3914 551 3978 Solucio
576 3933 684 3979 autem
709 3923 755 3980 sui
783 3919 902 3981 laboris
926 3919 987 3981 hec
1011 3923 1084 3982 erit:
1108 3922 1195 3982 omni
1221 3921 1403 4000 septimana
1427 3918 1520 3981 tollet
1545 3927 1578 3979 et
1603 3916 1722 3979 levabit
1746 3935 1805 3996 per

253 4022 278 4083 ll
301 4043 434 4088 marcas,
466 4027 665 4087 consumatis
689 4047 766 4086 vero
799 4038 831 4087 et
855 4027 1026 4106 completis
1058 4029 1089 4089 X
1114 4029 1244 4107 virgulis
1276 4030 1435 4107 integram
1463 4027 1597 4106 recipiet
1621 4024 1803 4086 mercedem

251 4149 380 4209 semper
404 4133 569 4210 usquead
595 4132 727 4193 totalem
754 4153 916 4194 murorum
943 4144 976 4195 et
1001 4137 1132 4196 turrium
1158 4135 1433 4214 complecionem;
1456 4131 1661 4214 presentibus
1685 4129 1804 4191 ibidem

252 4255 356 4297 vener.
382 4237 453 4298 dnis
478 4237 621 4300 Iohanne
646 4238 860 4302 Charbowslri
892 4255 925 4302 et
951 4240 1083 4304 Garssia
1107 4241 1258 4323 Quadros
1282 4242 1430 4322 Hispano
1462 4241 1668 4302 decretorum
1692 4237 1804 4298 docto·

252 4344 338 4402 ribus
362 4356 395 4403 et
421 4364 471 4403 rne
497 4343 634 4406 Nicolao
657 4346 832 4426 Brolynslri
857 4349 1057 4411 cancellario

360 4446 449 4514 271.
482 4451 578 4528 (ncta
603 4457 700 4532 episc.
727 4455 810 4535 la)..
844 4457 1000 4517 Testes
1033 4477 1092 4537 pro
1119 4467 1210 4536 parte
1242 4455 1357 4517 nobilis
1384 4454 1516 4515 Andree
1542 4451 1732 4514 laslrlowslri
1763 4450 1805 4511 ad

253 4555 487 4632 verificandum,
520 4560 607 4638 quod
632 4581 695 4622 non
722 4568 812 4624 stetit
836 4585 894 4643 per
919 4585 1001 4638 eum,
1034 4567 1205 4644 quominus
1237 4565 1386 4625 duxisset
1418 4561 1621 4623 Dorotheam
1653 4555 1740 4620 Pauli
1764 4558 1805 4618 de

254 4661 397 4743 Popowo
422 4667 452 4725 in
478 4687 622 4742 uxorem,
646 4671 800 4730 inducti..

360 4771 521 4834 Primus
545 4775 660 4836 nobilis
678 4775 785 4837 Adam
806 4777 1074 4859 Myeslrowslry..
1100 4781 1327 4856 interrogatus
1353 4775 1520 4855 quomodo
1544 4775 1641 4834 sciret
1665 4771 1705 4834 de
1726 4783 1805 4833 trac·

253 4887 321 4940 tatu
346 4892 380 4941 et
405 4882 476 4959 quis
501 4879 559 4940 luit
583 4883 665 4942 inter
690 4882 857 4945 Andrearn
883 4895 915 4945 et
940 4884 1151 4957 Dorotheam,
1179 4884 1360 4966 respondit,
1386 4883 1474 4962 quod
1498 4881 1602 4942 adhuc
1627 4891 1702 4940 ante
1727 4889 1804 4940 trac·

253 4996 365 5058 tatum,
389 5005 488 5064 super
513 5007 577 5066 quo
596 4991 762 5060 inducitur,
788 4991 842 5052 fuit
865 5012 983 5071 procus
1000 5003 1032 5052 et
1050 4992 1209 5052 mediator
1225 4993 1365 5052 instante
1384 4991 1481 5051 nobili
1498 4987 1678 5049 Katherina
1695 4986 1805 5047 relicta

253 5091 340 5153 Pauli
365 5093 405 5153 de
431 5093 574 5174 Popowo
601 5107 702 5173 matre
729 5099 895 5160 Dorothee
924 5097 1269 5178 super'cnntrahendo
1293 5099 1498 5158 matrimonio
1530 5099 1613 5158 inter
1637 5095 1804 5157 Andream

253 5210 285 5260 et
305 5199 505 5262 Dorotheam
531 5205 585 5264 tali
604 5207 712 5277 mod0,
737 5207 824 5286 quod
842 5207 994 5266 Andreas
1018 5207 1129 5267 debuit
1153 5207 1271 5267 ducere
1295 5207 1325 5265 in
1344 5225 1479 5267 uxorem
1499 5204 1700 5264 Dorotheam
1719 5201 1804 5263 Pauli

253 5308 293 5366 de
319 5307 455 5385 Popovo
478 5322 511 5370 et
536 5308 724 5382 Stanislaus,
751 5312 847 5374 frater
872 5313 1048 5379 Dorothec,
1082 5313 1293 5373 Katherinam
1319 5332 1463 5374 sororem
1490 5312 1624 5372 Andree
1647 5311 1688 5370 de
1711 5310 1807 5372 Yast-

254 5413 358 5474 kowo.
391 5415 527 5495 lnsuper
551 5432 655 5480 mater
679 5419 848 5481 Dorothee
873 5420 1015 5500 pollicita
1040 5431 1109 5481 erat
1141 5423 1200 5499 ipsi
1227 5420 1361 5482 Andree
1393 5420 1598 5498 singulariter
1622 5429 1655 5479 et
1679 5428 1805 5478 secrete

254 5521 330 5581 dare
347 5520 378 5582 X
395 5543 592 5600 sexagenas;
617 5528 802 5606 quiquidem
820 5537 1006 5588 contractus
1031 5547 1180 5588 successu
1199 5530 1354 5606 temporis
1371 5528 1466 5588 desiit
1483 5525 1660 5606 practicari,
1687 5525 1805 5603 quoad·

255 5647 356 5706 usque
380 5627 501 5708 aliquot
518 5634 709 5711 septimanis
733 5647 809 5694 ante
826 5633 1086 5696 Carnisbrevium
1112 5636 1186 5695 anni
1203 5635 1363 5713 presentis
1387 5635 1474 5694 venit
1491 5632 1671 5694 Katherina
1695 5631 1806 5692 relicta

254 5733 341 5795 Pauli
370 5747 403 5796 et
427 5749 531 5798 mater
557 5739 725 5800 Dorothee
749 5741 790 5802 de
815 5740 959 5820 Popowo
983 5743 1023 5801 ad
1049 5751 1167 5802 testem
1192 5742 1224 5801 in
1241 5741 1432 5820 Zabyczino,
1458 5739 1510 5801 ubi
1535 5751 1679 5800 moratur
1702 5739 1805 5821 testis
