4392 6672
411 675 455 740 34
881 659 974 709 ACTA
992 657 1116 710 IUDICII
1134 657 1271 709 ECCLES.
1290 658 1478 708 Phocensis

625 871 666 934 A.
696 887 788 949 1470,
813 870 887 930 Maii
913 888 943 946 9.
968 873 998 930 in
1025 869 1217 934 Poltowslm
1242 871 1271 930 in
1296 871 1383 930 curia
1407 869 1594 950 episcopali.
1914 927 1918 934 ,

517 974 581 1042 94.
605 977 702 1056 (Acta
726 978 826 1058 episc.
850 977 908 1055 l)..
939 977 1031 1038 Dnus
1055 975 1225 1046 Stiborius,
1256 979 1432 1058 episcopus
1456 975 1632 1046 Piocensis,
1665 995 1724 1055 pro
1748 973 1897 1047 tribunali
1923 975 1964 1036 ad

410 1085 477 1146 iura
502 1085 697 1146 audiendum
730 1084 875 1146 residens
908 1083 1070 1146 nobilibus
1093 1083 1191 1146 Petro
1222 1084 1263 1145 de
1288 1081 1444 1150 Sluaewo.
1480 1083 1610 1144 nomine
1643 1083 1764 1143 tutoiio
1800 1091 1875 1144 nate
1908 1093 1965 1142 suo

410 1193 562 1272 Agnetis,
594 1213 637 1254 ex
661 1191 781 1253 lachna
805 1192 880 1253 olim
906 1191 1111 1252 advocatissa
1135 1193 1165 1252 in
1191 1190 1342 1252 Caczicze
1366 1211 1422 1252 sua
1448 1209 1549 1250 uxore
1567 1189 1727 1268 ‘legitima
1755 1189 1830 1249 olim
1857 1188 1965 1249 relicta

411 1296 562 1361 Stanisiai
587 1297 738 1360 advocati
770 1299 801 1358 in
827 1296 979 1359 Caczicze
1010 1307 1172 1376 suscepte,
1204 1296 1413 1358 advocaciam
1446 1295 1624 1376 predictam
1657 1296 1689 1355 in
1714 1295 1864 1358 Caczicze
1889 1305 1965 1374 post

411 1415 549 1468 mortem
576 1406 662 1466 dicte
678 1403 821 1487 Agnetis
843 1407 990 1484 germani
1015 1401 1176 1474 Stanisiai,
1200 1405 1285 1465 dicte
1310 1403 1427 1464 iachne
1451 1402 1505 1464 filii
1530 1423 1571 1464 ex
1600 1403 1697 1482 priori
1722 1404 1838 1464 marito
1863 1400 1967 1462 Stani-

411 1512 481 1574 slao
505 1511 624 1574 ibidem
648 1514 812 1574 advocato
835 1511 945 1585 habiti,
969 1512 1036 1572 iure
1054 1509 1219 1572 Culmensi
1235 1513 1362 1590 petenti
1386 1523 1418 1572 et
1435 1512 1553 1591 agenti,
1578 1521 1611 1570 et
1628 1509 1769 1570 Mancino
1785 1507 1826 1568 de
1844 1507 1966 1588 Woyni

412 1630 527 1700 patruo
558 1621 634 1680 dicti
659 1617 811 1682 Stanisiai
836 1617 979 1679 defuncti
1003 1620 1071 1678 iure
1096 1617 1260 1690 Poionico,
1293 1618 1381 1696 quod
1406 1617 1465 1678 sibi
1490 1615 1607 1677 ibidem
1640 1619 1760 1678 servire
1793 1614 1965 1696 pretendit.

412 1746 455 1788 ex
480 1725 649 1807 privilegio
674 1726 850 1788 advocacie
875 1724 1020 1804 originali
1046 1725 1183 1786 eandem
1208 1725 1417 1785 advocaciam
1442 1723 1573 1784 adeum
1597 1725 1665 1784 iure
1689 1723 1846 1784 Poionico
1870 1723 1966 1782 devo·

412 1831 511 1893 lutam
536 1831 709 1894 alsrrmanti
733 1852 792 1912 per
815 1834 942 1912 signum
967 1831 1049 1893 illius
1073 1830 1146 1892 ville
1179 1830 1257 1892 alias
1281 1834 1355 1892 iuris
1380 1828 1562 1892 Culmensis
1584 1829 1656 1904 culo
1688 1849 1797 1890 coram
1827 1829 1966 1888 scabinis

412 1942 513 2001 citato
537 1940 792 2018 conparentibus
816 1949 849 2000 et
866 1939 1017 2000 hincinde
1033 1939 1241 2000 advocaciam
1267 1939 1326 1998 sibi
1344 1937 1518 1999 adiudicari
1543 1937 1737 2016 petentibus,
1765 1957 1824 2015 pro
1841 1933 1966 1996 clariori

412 2045 645 2108 informacione
669 2046 796 2107 termini
820 2045 861 2106 ad
886 2043 1061 2126 capitulum
1087 2065 1148 2125 pro
1173 2045 1350 2106 festivitate
1376 2044 1564 2105 Natiuitatis
1588 2045 1616 2104 b.
1643 2044 1743 2104 hiarie
1769 2061 1864 2122 prox.
1888 2039 1967 2102 cele·

413 2153 571 2215 br'andum
603 2153 635 2213 in
660 2151 801 2214 Ploczlro
834 2153 1021 2233 prorogavit
1054 2161 1087 2214 et
1110 2153 1288 2233 assignavit
1320 2151 1360 2212 ad
1391 2151 1600 2212 revidendum
1633 2163 1666 2211 et
1691 2149 1966 2229 cognoscendum,

413 2273 458 2320 an·
478 2261 545 2322 iure
567 2258 736 2320 Culmensi
760 2269 814 2322 aut
840 2256 996 2320 Poionico
1022 2259 1188 2319 indictam
1214 2259 1421 2320 advocaciam
1448 2267 1525 2337 post
1548 2267 1687 2320 mortem
1712 2258 1791 2318 dicti
1814 2253 1966 2318 Stanisiai

413 2369 562 2446 utrinque
586 2368 723 2446 petitam
748 2369 911 2427 successio
937 2363 1004 2428 lieri
1029 2365 1199 2428 deberet..

627 2561 668 2621 A.
699 2575 788 2638 1470,
814 2559 958 2640 Augusti
983 2574 1034 2633 20,
1058 2561 1090 2620 in
1114 2505 1349 2622 Czamhstowo
1374 2559 1405 2620 in
1430 2561 1517 2620 curia
1541 2558 1730 2640 episcopali.

520 2680 584 2748 95.
608 2684 707 2765 (Acta
731 2685 829 2766 episc.
853 2683 908 2748 ll..
934 2681 1086 2746 Coram..
1111 2685 1176 2744 dno
1201 2681 1344 2746 Stiborio
1371 2683 1408 2744 D.
1425 2705 1456 2764 g.
1480 2685 1638 2764 episcopo
1662 2683 1810 2744 Piocensi
1835 2681 1877 2744 ad
1899 2684 1966 2742 iura

412 2791 612 2854 reddendum
645 2801 679 2852 et
702 2793 860 2853 iusticiam
893 2791 1074 2852 faciendum
1100 2811 1160 2872 pro
1185 2789 1333 2852 tribunali
1358 2791 1521 2852 residente
1546 2793 1728 2872 comparuit
1752 2809 1859 2852 vener.
1884 2789 1968 2850 dnus

415 2897 567 2960 Nicolaus
599 2898 639 2958 de
663 2897 887 2976 MnyscheWO,
923 2900 1043 2960 arcium
1080 2899 1256 2958 liberalium
1292 2898 1447 2976 magister
1478 2896 1704 2959 Craeoviensis
1736 2906 1770 2959 et
1802 2897 1968 2957 Piocensis

414 3003 645 3066 cathedralium
679 3005 888 3066 eeclesiarum
922 3007 1105 3078 canonicus,
1138 3013 1171 3065 et
1195 3003 1283 3066 crida
1315 3005 1374 3066 sibi
1407 3023 1464 3085 per
1489 3005 1596 3066 Rdum
1628 3017 1756 3085 patrem
1788 3004 1967 3084 predictum

414 3111 522 3172 dnum·
538 3112 675 3173 iudicem
699 3109 741 3172 ad
767 3113 1047 3192 presentacionem
1075 3112 1295 3189 preclarorum
1321 3113 1501 3192 principum
1527 3115 1663 3173 dnorum
1688 3111 1851 3182 Kazimiri,
1877 3111 1968 3171 Bole-

415 3219 472 3279 slai
497 3229 530 3280 et
548 3219 681 3280 lanuss'ii
706 3219 822 3279 ducum
847 3219 996 3280 Mazovie
1020 3221 1060 3281 de
1076 3218 1168 3280 altari
1186 3221 1218 3280 in
1235 3217 1371 3280 ecclesia
1388 3219 1565 3281 cathedrali
1589 3217 1736 3280 Piocensi
1754 3239 1815 3300 per>
1827 3227 1967 3278 mortem

413 3325 538 3388 Mathie
562 3324 782 3407 Myanowslry
806 3326 950 3386 eiusdem
976 3326 1112 3387 ecclesie
1137 3327 1337 3406 possessoris
1369 3337 1401 3388 et
1425 3325 1569 3388 altariste
1593 3328 1719 3388 vacanti
1752 3325 1875 3386 desua
1899 3343 1968 3404 per·

415 3449 497 3494 sona
521 3431 639 3493 saetam
672 3434 813 3504 decreta,
849 3431 992 3514 legitime
1025 3441 1162 3495 executa
1194 3433 1399 3512 reproducta,
1430 3435 1602 3495 citatorum
1626 3453 1691 3494 non
1717 3431 1967 3513 conparencium

415 3539 652 3600 contumaciam
677 3541 842 3600 accusavit
866 3540 947 3600 etin
965 3541 1203 3601 contumaciam
1227 3540 1352 3601 illorum
1377 3541 1418 3600 de
1435 3539 1523 3602 dicto
1547 3541 1638 3603 altari
1663 3560 1698 3602 se
1715 3541 1830 3620 petivit
1847 3537 1969 3600 institui

416 3655 449 3707 et
473 3647 624 3708 investiri.
666 3645 757 3707 Dnus
781 3647 878 3707 iudex
902 3648 1127 3727 pronunciavit
1151 3656 1361 3709 contumaces
1392 3647 1480 3708 etin
1505 3647 1742 3708 contumaciam
1766 3645 1891 3708 illorum
1917 3645 1969 3704 de·

416 3755 521 3815 crevit·
542 3763 761 3832 presentatum
789 3753 1035 3824 investiendum,
1059 3753 1210 3815 eflectum
1235 3765 1346 3815 tamen
1369 3755 1573 3816 contumacie
1598 3751 1767 3832 suspendit
1790 3753 1832 3814 ad
1856 3753 1968 3812 horam

415 3879 642 3940 vesperorurn;
677 3869 754 3940 post
785 3861 922 3939 prandia
953 3881 1031 3923 vero
1061 3861 1176 3922 honor.
1209 3859 1362 3922 Andreas
1393 3863 1434 3922 de
1467 3859 1587 3932 Orlow,
1623 3862 1761 3922 vicarius
1793 3870 1969 3940 perpetuus

418 3965 705 4038 Warschoviensis,
731 3975 920 4045 procurator
944 3967 1056 4028 honor.
1080 3967 1133 4028 dni
1150 3965 1303 4029 iohannis
1327 3967 1506 4048 Daczbogii
1531 3967 1572 4028 de
1596 3965 1709 4029 Orlow
1735 3967 1905 4046 legitimus,
1928 3965 1969 4025 de

417 4075 506 4134 cuius
530 4073 771 4154 procuracionis
802 4073 957 4135 mandato
981 4075 1187 4136 constabat..
1212 4077 1394 4156 comparuit
1425 4087 1457 4136 et
1483 4076 1678 4156 reproducta
1710 4072 1855 4136 similiter
1882 4073 1970 4135 crida

417 4182 449 4241 in
474 4183 538 4241 vim
563 4179 833 4260 presentacionis-
853 4181 990 4261 preclari
1024 4183 1179 4262 principis
1203 4182 1256 4242 dni
1281 4179 1431 4254 Conradi,
1463 4183 1553 4244 ducis
1576 4183 1732 4252 Mazovie,
1764 4179 1805 4242 de
1829 4197 1971 4261 persona

419 4287 551 4367 prelati
569 4286 721 4347 lobannis
753 4285 931 4368 Daczbogii
963 4287 1004 4349 de
1029 4285 1141 4350 Orlow
1165 4287 1258 4360 lacta,
1292 4309 1350 4370 per
1373 4289 1511 4351 eundem
1545 4287 1642 4350 dnum
1668 4287 1804 4350 iudicem
1829 4285 1970 4358 decreta,

417 4394 494 4456 licet
517 4413 582 4454 non
600 4401 747 4466 executa,
771 4395 901 4456 nomine
925 4396 1150 4475 procuratorio
1173 4395 1248 4457 dicti
1274 4397 1329 4456 dni
1353 4396 1504 4457 Iohannis
1528 4397 1706 4476 presentati
1731 4394 1969 4456 institucionem

419 4503 501 4582 mgr-i
526 4499 651 4561 Nicolai
684 4500 820 4582 predicti
853 4503 1010 4564 arestavit
1043 4511 1077 4564 et
1102 4514 1214 4564 contra
1245 4503 1366 4563 cridam
1399 4521 1460 4583 pro
1491 4523 1532 4563 eo
1557 4504 1720 4564 decretam
1753 4504 1798 4562 sic
1827 4501 1968 4582 excepit:

419 4608 508 4688 quod
532 4628 596 4669 non
614 4609 694 4669 alius
710 4609 750 4669 de
767 4609 839 4688 ipso
864 4607 955 4670 altari
973 4610 1102 4671 vacanti.
1126 4609 1267 4671 investiri
1292 4609 1437 4678 deberet,
1462 4629 1557 4689 quam
1576 4617 1782 4690 presentatus
1806 4607 1971 4690 predictus

419 4715 472 4776 dni
489 4713 629 4777 Conradi
647 4715 744 4790 ducis,
770 4715 823 4795 qul
842 4719 952 4778 unicus
977 4727 1011 4777 ut
1034 4725 1155 4778 tutor
1179 4725 1219 4776 et
1243 4715 1518 4797 gubernator
1541 4725 1750 4778 terrarum
1776 4715 1971 4776 Mazovie

419 4825 451 4885 e't
475 4841 605 4884 suorum
627 4839 859 4903 germanorum
884 4821 960 4883 dicti
986 4825 1095 4885 altaris
1121 4833 1171 4884 est
1196 4833 1361 4900 patronus,
1394 4833 1428 4886 et
1452 4843 1513 4904 pro
1537 4823 1591 4884 illo
1615 4831 1752 4896 tenetur,
1777 4821 1914 4884 habetur
1937 4831 1971 4882 et

412 4939 588 5010 'reputatur
612 4927 786 5009 littereque
811 4930 954 4991 eiusdem
987 4928 1042 4990 dni
1066 4928 1207 4992 Conradi
1240 4931 1300 4990 sub
1323 4929 1419 4992 titulo
1443 4951 1499 4992 sue
1524 4929 1651 5000 Srtatis,
1683 4931 1838 5010 genitoris
1862 4930 1909 4991 sui
1934 4929 1971 4990 si-

420 5035 496 5116 gillo
521 5055 587 5115 quo
610 5037 709 5098 utitur
733 5033 872 5116 sigillate
896 5055 955 5116 per
970 5044 1090 5097 terram
1115 5045 1282 5098 transeant
1307 5049 1339 5098 et
1363 5038 1486 5099 eisdem
1511 5037 1682 5098 obediatur
1705 5049 1737 5098 et
1762 5035 1802 5097 ad
1826 5035 1970 5098 eiusdem

420 5123 686 5225 presentaciones
720 5142 844 5222 plurimi
877 5143 1059 5204 beneficiati
1092 5141 1278 5205 collacionis
1311 5145 1420 5206 similis
1445 5153 1519 5206 sunt
1542 5145 1694 5220 instituti;
1725 5141 1868 5223 prefatus
1893 5163 1971 5206 vero

419 5249 512 5312 Rdus
537 5259 631 5328 pater
655 5250 738 5311 dnus
763 5249 948 5330 Episcopus
973 5251 1120 5328 partibus
1151 5263 1206 5312 aut
1240 5269 1297 5328 per
1320 5271 1356 5313 se
1380 5251 1455 5313 iuris
1479 5251 1592 5313 ordine
1624 5253 1780 5313 iusticiam
1813 5249 1971 5313 facturum

419 5367 474 5419 aut
493 5338 645 5430 iudicem,
670 5375 767 5437 quem
791 5357 978 5435 elegissent,
1009 5357 1241 5439 deputaturum
1266 5377 1301 5420 se
1326 5356 1456 5430 obtulit,
1489 5359 1543 5438 qui
1567 5359 1724 5420 iusticiam
1751 5359 1782 5420 in
1807 5358 1972 5437 premissis

421 5461 535 5538 iacere,
561 5482 761 5543 cognoscere
786 5466 907 5544 poterit
925 5473 959 5524 et
975 5463 1126 5542 diffinire3
1151 5463 1295 5544 prelatus
1312 5485 1390 5528 vero
1409 5465 1561 5526 Andreas
1578 5473 1768 5546 procurator
1792 5465 1972 5526 deliberare

420 5570 529 5632 voluit.
555 5569 597 5631 Et
613 5569 695 5634 dnus
712 5568 897 5651 Episcopus
921 5571 1040 5633 ibidem
1066 5591 1102 5633 se
1120 5571 1279 5634 iacturum
1302 5582 1337 5634 et
1361 5571 1610 5634 deliberaturum
1636 5571 1775 5634 offerens
1799 5571 1882 5634 inira
1899 5571 1972 5634 hinc

420 5689 454 5740 et
477 5676 588 5738 leriam
614 5677 705 5739 lV¹²m
731 5689 806 5758 post
839 5677 956 5740 festum
988 5697 1012 5739 s.
1038 5678 1166 5740 Martini
1200 5698 1292 5758 prox.
1317 5677 1488 5739 aliuturum
1522 5679 1691 5758 negocium
1723 5679 1905 5759 suspendit,
1938 5687 1973 5740 ut
