<?xml version="1.0" encoding="UTF-8"?>
<!DOCTYPE html PUBLIC "-//W3C//DTD XHTML 1.0 Transitional//EN"
    "http://www.w3.org/TR/xhtml1/DTD/xhtml1-transitional.dtd">
<html xmlns="http://www.w3.org/1999/xhtml" xml:lang="en" lang="en">
 <head>
  <title>
</title>
<meta http-equiv="Content-Type" content="text/html;charset=utf-8" />
  <meta name='ocr-system' content='tesseract 3.04.00' />
  <meta name='ocr-capabilities' content='ocr_page ocr_carea ocr_par ocr_line ocrx_word'/>
</head>
<body>
  <div class='ocr_page' id='page_1' title='image "actacapitulorum01czubgoog_0035.png"; bbox 0 0 4392 6672; ppageno 0'>
   <div class='ocr_carea' id='block_1_1' title="bbox 810 689 1772 753">
    <p class='ocr_par' dir='ltr' id='par_1_1' title="bbox 810 689 1772 753">
     <span class='ocr_line' id='line_1_1' title="bbox 810 689 1772 753; baseline 0.014 -13"><span class='ocrx_word' id='word_1_1' title='bbox 810 692 987 742; x_wconf 80' lang='lat' dir='ltr'>ANNORUM</span> <span class='ocrx_word' id='word_1_2' title='bbox 1010 689 1193 744; x_wconf 69' lang='lat' dir='ltr'><strong>llos-1466.</strong></span> <span class='ocrx_word' id='word_1_3' title='bbox 1735 707 1772 753; x_wconf 88' lang='lat'><strong>21</strong></span> 
     </span>
    </p>
   </div>
   <div class='ocr_carea' id='block_1_2' title="bbox 225 902 1779 1631">
    <p class='ocr_par' dir='ltr' id='par_1_2' title="bbox 225 902 1779 1631">
     <span class='ocr_line' id='line_1_2' title="bbox 227 902 1775 989; baseline -0.003 -20"><span class='ocrx_word' id='word_1_4' title='bbox 227 907 410 989; x_wconf 83' lang='lat' dir='ltr'><strong>precipiatis</strong></span> <span class='ocrx_word' id='word_1_5' title='bbox 433 909 461 970; x_wconf 95' lang='lat' dir='ltr'><strong>ei</strong></span> <span class='ocrx_word' id='word_1_6' title='bbox 488 927 596 968; x_wconf 88' lang='lat' dir='ltr'><strong>coram</strong></span> <span class='ocrx_word' id='word_1_7' title='bbox 622 906 748 968; x_wconf 90' lang='lat' dir='ltr'><strong>notario</strong></span> <span class='ocrx_word' id='word_1_8' title='bbox 773 915 806 968; x_wconf 90' lang='lat' dir='ltr'><strong>et</strong></span> <span class='ocrx_word' id='word_1_9' title='bbox 830 904 968 967; x_wconf 91' lang='lat' dir='ltr'><strong>testibus</strong></span> <span class='ocrx_word' id='word_1_10' title='bbox 993 914 1025 967; x_wconf 92' lang='lat' dir='ltr'><strong>et</strong></span> <span class='ocrx_word' id='word_1_11' title='bbox 1051 902 1135 984; x_wconf 89' lang='lat' dir='ltr'><strong>apud</strong></span> <span class='ocrx_word' id='word_1_12' title='bbox 1161 911 1233 964; x_wconf 89' lang='lat' dir='ltr'><strong>acta</strong></span> <span class='ocrx_word' id='word_1_13' title='bbox 1258 904 1372 981; x_wconf 90' lang='lat' dir='ltr'><strong>reponi</strong></span> <span class='ocrx_word' id='word_1_14' title='bbox 1396 902 1529 978; x_wconf 86' lang='lat' dir='ltr'><strong>faciatis,</strong></span> <span class='ocrx_word' id='word_1_15' title='bbox 1553 903 1641 982; x_wconf 88' lang='lat' dir='ltr'><strong>quod</strong></span> <span class='ocrx_word' id='word_1_16' title='bbox 1665 923 1775 965; x_wconf 90' lang='lat' dir='ltr'><strong>coram</strong></span> 
     </span>
     <span class='ocr_line' id='line_1_3' title="bbox 226 1007 1777 1090; baseline -0.004 -13"><span class='ocrx_word' id='word_1_17' title='bbox 226 1015 321 1078; x_wconf 89' lang='lat' dir='ltr'><strong>uobis</strong></span> <span class='ocrx_word' id='word_1_18' title='bbox 344 1017 375 1075; x_wconf 94' lang='lat' dir='ltr'><strong>in</strong></span> <span class='ocrx_word' id='word_1_19' title='bbox 400 1013 573 1088; x_wconf 89' lang='lat' dir='ltr'><strong>Poltowsk,</strong></span> <span class='ocrx_word' id='word_1_20' title='bbox 598 1014 649 1073; x_wconf 90' lang='lat' dir='ltr'><strong>vel</strong></span> <span class='ocrx_word' id='word_1_21' title='bbox 674 1013 727 1074; x_wconf 91' lang='lat' dir='ltr'><strong>ubi</strong></span> <span class='ocrx_word' id='word_1_22' title='bbox 752 1023 829 1074; x_wconf 89' lang='lat' dir='ltr'><strong>tunc</strong></span> <span class='ocrx_word' id='word_1_23' title='bbox 853 1013 1021 1073; x_wconf 90' lang='lat' dir='ltr'><strong>constituti</strong></span> <span class='ocrx_word' id='word_1_24' title='bbox 1046 1010 1206 1078; x_wconf 84' lang='lat' dir='ltr'><strong>fuerimus,</strong></span> <span class='ocrx_word' id='word_1_25' title='bbox 1232 1009 1309 1070; x_wconf 84' lang='lat' dir='ltr'><strong>seria</strong></span> <span class='ocrx_word' id='word_1_26' title='bbox 1333 1007 1391 1070; x_wconf 68' lang='lat' dir='ltr'><strong>ll‘¹⁸</strong></span> <span class='ocrx_word' id='word_1_27' title='bbox 1414 1021 1489 1090; x_wconf 87' lang='lat' dir='ltr'><strong>post</strong></span> <span class='ocrx_word' id='word_1_28' title='bbox 1515 1009 1680 1071; x_wconf 88' lang='lat' dir='ltr'><strong>Invocavit</strong></span> <span class='ocrx_word' id='word_1_29' title='bbox 1704 1029 1777 1071; x_wconf 92' lang='lat' dir='ltr'><strong>con·</strong></span> 
     </span>
     <span class='ocr_line' id='line_1_4' title="bbox 227 1116 1778 1202; baseline -0.003 -18"><span class='ocrx_word' id='word_1_30' title='bbox 227 1133 340 1202; x_wconf 89' lang='lat' dir='ltr'><strong>pareat</strong></span> <span class='ocrx_word' id='word_1_31' title='bbox 365 1142 423 1202; x_wconf 88' lang='lat' dir='ltr'><strong>pro</strong></span> <span class='ocrx_word' id='word_1_32' title='bbox 440 1119 604 1200; x_wconf 85' lang='lat' dir='ltr'><strong>scandalo,</strong></span> <span class='ocrx_word' id='word_1_33' title='bbox 630 1119 716 1200; x_wconf 93' lang='lat' dir='ltr'><strong>quod</strong></span> <span class='ocrx_word' id='word_1_34' title='bbox 742 1121 893 1199; x_wconf 90' lang='lat' dir='ltr'><strong>patravit,</strong></span> <span class='ocrx_word' id='word_1_35' title='bbox 912 1120 1126 1199; x_wconf 81' lang='lat' dir='ltr'><strong>penitenciam</strong></span> <span class='ocrx_word' id='word_1_36' title='bbox 1153 1128 1350 1196; x_wconf 90' lang='lat' dir='ltr'><strong>recepturus.</strong></span> <span class='ocrx_word' id='word_1_37' title='bbox 1374 1116 1495 1178; x_wconf 86' lang='lat' dir='ltr'><strong>Datum</strong></span> <span class='ocrx_word' id='word_1_38' title='bbox 1521 1119 1550 1176; x_wconf 89' lang='lat' dir='ltr'><strong>in</strong></span> <span class='ocrx_word' id='word_1_39' title='bbox 1569 1116 1677 1178; x_wconf 90' lang='lat' dir='ltr'><strong>Zatori</strong></span> <span class='ocrx_word' id='word_1_40' title='bbox 1700 1116 1778 1179; x_wconf 84' lang='lat' dir='ltr'><strong>seria</strong></span> 
     </span>
     <span class='ocr_line' id='line_1_5' title="bbox 226 1223 1777 1308; baseline -0.004 -16"><span class='ocrx_word' id='word_1_41' title='bbox 226 1229 296 1292; x_wconf 79' lang='lat' dir='ltr'><strong>Vp.</strong></span> <span class='ocrx_word' id='word_1_42' title='bbox 323 1239 398 1308; x_wconf 91' lang='lat' dir='ltr'><strong>post</strong></span> <span class='ocrx_word' id='word_1_43' title='bbox 426 1228 559 1290; x_wconf 85' lang='lat' dir='ltr'><strong>Dionisii</strong></span> <span class='ocrx_word' id='word_1_44' title='bbox 591 1247 683 1308; x_wconf 87' lang='lat' dir='ltr'><strong>prox.</strong></span> <span class='ocrx_word' id='word_1_45' title='bbox 710 1247 794 1288; x_wconf 91' lang='lat' dir='ltr'><strong>auno</strong></span> <span class='ocrx_word' id='word_1_46' title='bbox 819 1238 879 1287; x_wconf 86' lang='lat' dir='ltr'><strong>etc.</strong></span> <span class='ocrx_word' id='word_1_47' title='bbox 904 1223 1045 1286; x_wconf 65' lang='lat' dir='ltr'><strong>vav«</strong></span> <span class='ocrx_word' id='word_1_48' title='bbox 1073 1225 1283 1286; x_wconf 82' lang='lat' dir='ltr'><strong>—discreto</strong></span> <span class='ocrx_word' id='word_1_49' title='bbox 1315 1223 1458 1296; x_wconf 85' lang='lat' dir='ltr'><strong>Iohanni,</strong></span> <span class='ocrx_word' id='word_1_50' title='bbox 1490 1225 1610 1285; x_wconf 89' lang='lat' dir='ltr'><strong>vicario</strong></span> <span class='ocrx_word' id='word_1_51' title='bbox 1642 1224 1777 1287; x_wconf 84' lang='lat' dir='ltr'><strong>ecclesie</strong></span> 
     </span>
     <span class='ocr_line' id='line_1_6' title="bbox 226 1331 1778 1412; baseline -0.002 -15"><span class='ocrx_word' id='word_1_52' title='bbox 226 1337 441 1399; x_wconf 84' lang='lat' dir='ltr'><strong>PoltovIensis</strong></span> <span class='ocrx_word' id='word_1_53' title='bbox 472 1335 512 1396; x_wconf 90' lang='lat' dir='ltr'><strong>de</strong></span> <span class='ocrx_word' id='word_1_54' title='bbox 536 1336 668 1396; x_wconf 84' lang='lat' dir='ltr'><strong>crImine</strong></span> <span class='ocrx_word' id='word_1_55' title='bbox 701 1332 856 1394; x_wconf 80' lang='lat' dir='ltr'><strong>infamato</strong></span> <span class='ocrx_word' id='word_1_56' title='bbox 888 1331 969 1393; x_wconf 85' lang='lat' dir='ltr'><strong>infra</strong></span> <span class='ocrx_word' id='word_1_57' title='bbox 1001 1345 1067 1394; x_wconf 86' lang='lat' dir='ltr'><strong>tres</strong></span> <span class='ocrx_word' id='word_1_58' title='bbox 1092 1333 1160 1392; x_wconf 84' lang='lat' dir='ltr'><strong>dics</strong></span> <span class='ocrx_word' id='word_1_59' title='bbox 1191 1332 1232 1392; x_wconf 92' lang='lat' dir='ltr'><strong>ad</strong></span> <span class='ocrx_word' id='word_1_60' title='bbox 1258 1333 1443 1392; x_wconf 90' lang='lat' dir='ltr'><strong>mandatum</strong></span> <span class='ocrx_word' id='word_1_61' title='bbox 1477 1331 1552 1392; x_wconf 88' lang='lat' dir='ltr'><strong>dicti</strong></span> <span class='ocrx_word' id='word_1_62' title='bbox 1577 1332 1652 1392; x_wconf 91' lang='lat' dir='ltr'><strong>Rmi</strong></span> <span class='ocrx_word' id='word_1_63' title='bbox 1677 1337 1778 1412; x_wconf 87' lang='lat' dir='ltr'><strong>patris</strong></span> 
     </span>
     <span class='ocr_line' id='line_1_7' title="bbox 225 1437 1779 1520; baseline -0.003 -13"><span class='ocrx_word' id='word_1_64' title='bbox 225 1445 267 1507; x_wconf 86' lang='lat' dir='ltr'><strong>de</strong></span> <span class='ocrx_word' id='word_1_65' title='bbox 292 1441 458 1506; x_wconf 83' lang='lat' dir='ltr'><strong>Poltowslr</strong></span> <span class='ocrx_word' id='word_1_66' title='bbox 482 1444 570 1504; x_wconf 89' lang='lat' dir='ltr'><strong>exire</strong></span> <span class='ocrx_word' id='word_1_67' title='bbox 595 1443 760 1502; x_wconf 92' lang='lat' dir='ltr'><strong>mandavit</strong></span> <span class='ocrx_word' id='word_1_68' title='bbox 785 1441 1022 1520; x_wconf 86' lang='lat' dir='ltr'><strong>terminumque</strong></span> <span class='ocrx_word' id='word_1_69' title='bbox 1046 1440 1150 1500; x_wconf 90' lang='lat' dir='ltr'><strong>eidem</strong></span> <span class='ocrx_word' id='word_1_70' title='bbox 1176 1458 1286 1499; x_wconf 92' lang='lat' dir='ltr'><strong>coram</strong></span> <span class='ocrx_word' id='word_1_71' title='bbox 1310 1439 1383 1518; x_wconf 91' lang='lat' dir='ltr'><strong>ipso</strong></span> <span class='ocrx_word' id='word_1_72' title='bbox 1403 1438 1489 1498; x_wconf 87' lang='lat' dir='ltr'><strong>Rmo</strong></span> <span class='ocrx_word' id='word_1_73' title='bbox 1514 1448 1607 1518; x_wconf 90' lang='lat' dir='ltr'><strong>patre</strong></span> <span class='ocrx_word' id='word_1_74' title='bbox 1624 1437 1702 1501; x_wconf 80' lang='lat' dir='ltr'><strong>Iena</strong></span> <span class='ocrx_word' id='word_1_75' title='bbox 1719 1439 1779 1502; x_wconf 75' lang='lat' dir='ltr'><strong>Ha.</strong></span> 
     </span>
     <span class='ocr_line' id='line_1_8' title="bbox 226 1545 1777 1631; baseline -0.001 -19"><span class='ocrx_word' id='word_1_76' title='bbox 226 1564 301 1631; x_wconf 91' lang='lat' dir='ltr'><strong>post</strong></span> <span class='ocrx_word' id='word_1_77' title='bbox 333 1549 499 1612; x_wconf 90' lang='lat' dir='ltr'><strong>luvocavit</strong></span> <span class='ocrx_word' id='word_1_78' title='bbox 531 1549 621 1611; x_wconf 89' lang='lat' dir='ltr'><strong>iuxta</strong></span> <span class='ocrx_word' id='word_1_79' title='bbox 653 1559 800 1610; x_wconf 87' lang='lat' dir='ltr'><strong>tenorem</strong></span> <span class='ocrx_word' id='word_1_80' title='bbox 833 1546 938 1608; x_wconf 87' lang='lat' dir='ltr'><strong>littere</strong></span> <span class='ocrx_word' id='word_1_81' title='bbox 970 1549 1148 1627; x_wconf 90' lang='lat' dir='ltr'><strong>prescripte</strong></span> <span class='ocrx_word' id='word_1_82' title='bbox 1180 1565 1238 1626; x_wconf 91' lang='lat' dir='ltr'><strong>per</strong></span> <span class='ocrx_word' id='word_1_83' title='bbox 1270 1546 1446 1606; x_wconf 90' lang='lat' dir='ltr'><strong>discretum</strong></span> <span class='ocrx_word' id='word_1_84' title='bbox 1473 1545 1662 1607; x_wconf 80' lang='lat' dir='ltr'><strong>llichaelem</strong></span> <span class='ocrx_word' id='word_1_85' title='bbox 1690 1548 1777 1629; x_wconf 90' lang='lat' dir='ltr'><strong>Vyo·</strong></span> 
     </span>
    </p>
   </div>
   <div class='ocr_carea' id='block_1_3' title="bbox 225 1655 570 1738">
    <p class='ocr_par' dir='ltr' id='par_1_3' title="bbox 225 1655 570 1738">
     <span class='ocr_line' id='line_1_9' title="bbox 225 1655 570 1738; baseline -0.009 -17"><span class='ocrx_word' id='word_1_86' title='bbox 225 1658 383 1722; x_wconf 84' lang='lat' dir='ltr'><strong>theschka</strong></span> <span class='ocrx_word' id='word_1_87' title='bbox 408 1655 570 1738; x_wconf 89' lang='lat' dir='ltr'><strong>prefixit..</strong></span> 
     </span>
    </p>
   </div>
   <div class='ocr_carea' id='block_1_4' title="bbox 438 1845 1485 1927">
    <p class='ocr_par' dir='ltr' id='par_1_4' title="bbox 438 1845 1485 1927">
     <span class='ocr_line' id='line_1_10' title="bbox 438 1845 1485 1927; baseline -0.005 -15"><span class='ocrx_word' id='word_1_88' title='bbox 438 1850 480 1912; x_wconf 90' lang='lat' dir='ltr'><strong>A.</strong></span> <span class='ocrx_word' id='word_1_89' title='bbox 509 1851 600 1927; x_wconf 90' lang='lat'>1466,</span> <span class='ocrx_word' id='word_1_90' title='bbox 625 1848 761 1911; x_wconf 87' lang='lat' dir='ltr'><strong>Ianuarii</strong></span> <span class='ocrx_word' id='word_1_91' title='bbox 788 1863 838 1922; x_wconf 84' lang='lat'><strong>22,</strong></span> <span class='ocrx_word' id='word_1_92' title='bbox 864 1849 894 1908; x_wconf 92' lang='lat' dir='ltr'><strong>iu</strong></span> <span class='ocrx_word' id='word_1_93' title='bbox 920 1845 1106 1910; x_wconf 87' lang='lat' dir='ltr'><strong>Czerwinsk</strong></span> <span class='ocrx_word' id='word_1_94' title='bbox 1131 1850 1161 1908; x_wconf 91' lang='lat' dir='ltr'><strong>in</strong></span> <span class='ocrx_word' id='word_1_95' title='bbox 1187 1849 1272 1908; x_wconf 91' lang='lat' dir='ltr'><strong>curia</strong></span> <span class='ocrx_word' id='word_1_96' title='bbox 1298 1849 1485 1926; x_wconf 82' lang='lat' dir='ltr'><strong>episcopali</strong></span> 
     </span>
    </p>
   </div>
   <div class='ocr_carea' id='block_1_5' title="bbox 222 1971 1780 5158">
    <p class='ocr_par' dir='ltr' id='par_1_5' title="bbox 222 1971 1780 5158">
     <span class='ocr_line' id='line_1_11' title="bbox 333 1971 1778 2056; baseline -0.003 -17"><span class='ocrx_word' id='word_1_97' title='bbox 333 1971 395 2040; x_wconf 80' lang='lat'><strong>55.</strong></span> <span class='ocrx_word' id='word_1_98' title='bbox 420 1975 518 2056; x_wconf 81' lang='lat' dir='ltr'><strong>(Acta</strong></span> <span class='ocrx_word' id='word_1_99' title='bbox 542 1975 640 2054; x_wconf 90' lang='lat' dir='ltr'><strong>episc.</strong></span> <span class='ocrx_word' id='word_1_100' title='bbox 664 1973 720 2050; x_wconf 82' lang='grc'>1)..</span> <span class='ocrx_word' id='word_1_101' title='bbox 745 1972 820 2032; x_wconf 84' lang='grc' dir='ltr'><strong>Ι)ηο</strong></span> <span class='ocrx_word' id='word_1_102' title='bbox 844 1971 987 2033; x_wconf 86' lang='lat' dir='ltr'><strong>Stiborio</strong></span> <span class='ocrx_word' id='word_1_103' title='bbox 1012 1972 1051 2033; x_wconf 94' lang='lat' dir='ltr'><strong>D.</strong></span> <span class='ocrx_word' id='word_1_104' title='bbox 1068 1994 1098 2052; x_wconf 88' lang='lat' dir='ltr'><strong>g.</strong></span> <span class='ocrx_word' id='word_1_105' title='bbox 1123 1975 1280 2052; x_wconf 86' lang='lat' dir='ltr'><strong>episcopo</strong></span> <span class='ocrx_word' id='word_1_106' title='bbox 1305 1971 1453 2034; x_wconf 90' lang='lat' dir='ltr'><strong>Plocensi</strong></span> <span class='ocrx_word' id='word_1_107' title='bbox 1479 1994 1538 2050; x_wconf 86' lang='lat' dir='ltr'><strong>pro</strong></span> <span class='ocrx_word' id='word_1_108' title='bbox 1563 1971 1710 2033; x_wconf 88' lang='lat' dir='ltr'><strong>tribunali</strong></span> <span class='ocrx_word' id='word_1_109' title='bbox 1737 1972 1778 2034; x_wconf 92' lang='lat' dir='ltr'><strong>ad</strong></span> 
     </span>
     <span class='ocr_line' id='line_1_12' title="bbox 224 2078 1778 2160; baseline -0.002 -16"><span class='ocrx_word' id='word_1_110' title='bbox 224 2083 418 2146; x_wconf 91' lang='lat' dir='ltr'><strong>audiendum</strong></span> <span class='ocrx_word' id='word_1_111' title='bbox 443 2101 557 2143; x_wconf 86' lang='lat' dir='ltr'><strong>causas</strong></span> <span class='ocrx_word' id='word_1_112' title='bbox 581 2093 614 2142; x_wconf 91' lang='lat' dir='ltr'><strong>et</strong></span> <span class='ocrx_word' id='word_1_113' title='bbox 631 2082 789 2141; x_wconf 91' lang='lat' dir='ltr'><strong>iusticiam</strong></span> <span class='ocrx_word' id='word_1_114' title='bbox 815 2079 1013 2141; x_wconf 87' lang='lat' dir='ltr'><strong>reddendam</strong></span> <span class='ocrx_word' id='word_1_115' title='bbox 1031 2078 1167 2141; x_wconf 88' lang='lat' dir='ltr'><strong>sedente</strong></span> <span class='ocrx_word' id='word_1_116' title='bbox 1192 2091 1225 2142; x_wconf 93' lang='lat' dir='ltr'><strong>et</strong></span> <span class='ocrx_word' id='word_1_117' title='bbox 1242 2082 1271 2139; x_wconf 88' lang='lat' dir='ltr'><strong>iu</strong></span> <span class='ocrx_word' id='word_1_118' title='bbox 1291 2082 1459 2160; x_wconf 88' lang='lat' dir='ltr'><strong>presencia</strong></span> <span class='ocrx_word' id='word_1_119' title='bbox 1476 2079 1605 2142; x_wconf 89' lang='lat' dir='ltr'><strong>illustris</strong></span> <span class='ocrx_word' id='word_1_120' title='bbox 1624 2081 1778 2160; x_wconf 91' lang='lat' dir='ltr'><strong>principis</strong></span> 
     </span>
     <span class='ocr_line' id='line_1_13' title="bbox 224 2185 1778 2267; baseline -0.003 -15"><span class='ocrx_word' id='word_1_121' title='bbox 224 2191 280 2252; x_wconf 91' lang='lat' dir='ltr'><strong>dni</strong></span> <span class='ocrx_word' id='word_1_122' title='bbox 305 2189 466 2260; x_wconf 89' lang='lat' dir='ltr'><strong>Kazimin&#39;,</strong></span> <span class='ocrx_word' id='word_1_123' title='bbox 497 2188 609 2250; x_wconf 90' lang='lat' dir='ltr'><strong>eadem</strong></span> <span class='ocrx_word' id='word_1_124' title='bbox 636 2189 745 2266; x_wconf 86' lang='lat' dir='ltr'><strong>gracia</strong></span> <span class='ocrx_word' id='word_1_125' title='bbox 777 2187 868 2248; x_wconf 91' lang='lat' dir='ltr'><strong>ducis</strong></span> <span class='ocrx_word' id='word_1_126' title='bbox 892 2186 1048 2254; x_wconf 88' lang='lat' dir='ltr'><strong>Mazovie,</strong></span> <span class='ocrx_word' id='word_1_127' title='bbox 1084 2189 1279 2249; x_wconf 90' lang='lat' dir='ltr'><strong>constitutus</strong></span> <span class='ocrx_word' id='word_1_128' title='bbox 1315 2185 1528 2267; x_wconf 88' lang='lat' dir='ltr'><strong>personaliter</strong></span> <span class='ocrx_word' id='word_1_129' title='bbox 1559 2187 1671 2249; x_wconf 92' lang='lat' dir='ltr'><strong>honor.</strong></span> <span class='ocrx_word' id='word_1_130' title='bbox 1696 2188 1778 2248; x_wconf 92' lang='lat' dir='ltr'><strong>dnus</strong></span> 
     </span>
     <span class='ocr_line' id='line_1_14' title="bbox 225 2291 1779 2375; baseline -0.003 -17"><span class='ocrx_word' id='word_1_131' title='bbox 225 2297 339 2359; x_wconf 86' lang='lat' dir='ltr'><strong>Petrus</strong></span> <span class='ocrx_word' id='word_1_132' title='bbox 363 2295 403 2357; x_wconf 92' lang='lat' dir='ltr'><strong>de</strong></span> <span class='ocrx_word' id='word_1_133' title='bbox 428 2293 508 2375; x_wconf 84' lang='lat' dir='ltr'><strong>Gay.</strong></span> <span class='ocrx_word' id='word_1_134' title='bbox 541 2297 685 2356; x_wconf 92' lang='lat' dir='ltr'><strong>notarius</strong></span> <span class='ocrx_word' id='word_1_135' title='bbox 709 2295 891 2355; x_wconf 88' lang='lat' dir='ltr'><strong>consistorii</strong></span> <span class='ocrx_word' id='word_1_136' title='bbox 917 2291 1185 2355; x_wconf 88' lang='lat' dir='ltr'><strong>Polthoviensis..</strong></span> <span class='ocrx_word' id='word_1_137' title='bbox 1211 2297 1374 2354; x_wconf 88' lang='lat' dir='ltr'><strong>accusavit</strong></span> <span class='ocrx_word' id='word_1_138' title='bbox 1400 2295 1637 2355; x_wconf 88' lang='lat' dir='ltr'><strong>contumaciam</strong></span> <span class='ocrx_word' id='word_1_139' title='bbox 1663 2293 1779 2356; x_wconf 89' lang='lat' dir='ltr'><strong>nobilis</strong></span> 
     </span>
     <span class='ocr_line' id='line_1_15' title="bbox 225 2399 1777 2481; baseline -0.001 -17"><span class='ocrx_word' id='word_1_140' title='bbox 225 2402 376 2464; x_wconf 90' lang='lat' dir='ltr'><strong>leronimi</strong></span> <span class='ocrx_word' id='word_1_141' title='bbox 400 2401 440 2464; x_wconf 91' lang='lat' dir='ltr'><strong>de</strong></span> <span class='ocrx_word' id='word_1_142' title='bbox 464 2402 694 2472; x_wconf 78' lang='lat' dir='ltr'><strong>DzerzanOWO,</strong></span> <span class='ocrx_word' id='word_1_143' title='bbox 720 2421 785 2480; x_wconf 92' lang='lat' dir='ltr'><strong>quo</strong></span> <span class='ocrx_word' id='word_1_144' title='bbox 809 2411 1022 2478; x_wconf 82' lang='lat' dir='ltr'><strong>comparente</strong></span> <span class='ocrx_word' id='word_1_145' title='bbox 1046 2403 1218 2481; x_wconf 90' lang='lat' dir='ltr'><strong>proposuit</strong></span> <span class='ocrx_word' id='word_1_146' title='bbox 1242 2411 1354 2462; x_wconf 90' lang='lat' dir='ltr'><strong>contra</strong></span> <span class='ocrx_word' id='word_1_147' title='bbox 1381 2422 1453 2462; x_wconf 89' lang='lat' dir='ltr'><strong>eum</strong></span> <span class='ocrx_word' id='word_1_148' title='bbox 1479 2402 1579 2462; x_wconf 90' lang='lat' dir='ltr'><strong>verbo</strong></span> <span class='ocrx_word' id='word_1_149' title='bbox 1605 2399 1777 2480; x_wconf 86' lang='lat' dir='ltr'><strong>querulose</strong></span> 
     </span>
     <span class='ocr_line' id='line_1_16' title="bbox 224 2506 1777 2591; baseline -0.003 -18"><span class='ocrx_word' id='word_1_150' title='bbox 224 2523 257 2573; x_wconf 91' lang='lat' dir='ltr'><strong>et</strong></span> <span class='ocrx_word' id='word_1_151' title='bbox 282 2511 544 2591; x_wconf 80' lang='lat' dir='ltr'><strong>proposi0ionem</strong></span> <span class='ocrx_word' id='word_1_152' title='bbox 577 2510 765 2571; x_wconf 87' lang='lat' dir='ltr'><strong>verbosavit</strong></span> <span class='ocrx_word' id='word_1_153' title='bbox 797 2509 826 2568; x_wconf 92' lang='lat' dir='ltr'><strong>in</strong></span> <span class='ocrx_word' id='word_1_154' title='bbox 852 2507 936 2570; x_wconf 93' lang='lat' dir='ltr'><strong>hunc</strong></span> <span class='ocrx_word' id='word_1_155' title='bbox 969 2507 1114 2570; x_wconf 90' lang='lat' dir='ltr'><strong>modum:</strong></span> <span class='ocrx_word' id='word_1_156' title='bbox 1150 2507 1245 2570; x_wconf 88' lang='lat' dir='ltr'><strong>Pater</strong></span> <span class='ocrx_word' id='word_1_157' title='bbox 1278 2507 1370 2577; x_wconf 88' lang='lat' dir='ltr'><strong>Rme,</strong></span> <span class='ocrx_word' id='word_1_158' title='bbox 1403 2528 1467 2589; x_wconf 85' lang='lat' dir='ltr'><strong>ego</strong></span> <span class='ocrx_word' id='word_1_159' title='bbox 1491 2521 1604 2570; x_wconf 87' lang='lat' dir='ltr'><strong>contra</strong></span> <span class='ocrx_word' id='word_1_160' title='bbox 1637 2506 1777 2568; x_wconf 90' lang='lat' dir='ltr'><strong>nobilem</strong></span> 
     </span>
     <span class='ocr_line' id='line_1_17' title="bbox 224 2614 1778 2696; baseline -0.003 -17"><span class='ocrx_word' id='word_1_161' title='bbox 224 2618 418 2680; x_wconf 90' lang='lat' dir='ltr'><strong>leronimum</strong></span> <span class='ocrx_word' id='word_1_162' title='bbox 444 2619 484 2679; x_wconf 92' lang='lat' dir='ltr'><strong>de</strong></span> <span class='ocrx_word' id='word_1_163' title='bbox 509 2616 729 2678; x_wconf 77' lang='lat' dir='ltr'><strong>Daerzanowo</strong></span> <span class='ocrx_word' id='word_1_164' title='bbox 754 2614 925 2696; x_wconf 90' lang='lat' dir='ltr'><strong>querulose</strong></span> <span class='ocrx_word' id='word_1_165' title='bbox 950 2635 1102 2696; x_wconf 89' lang='lat' dir='ltr'><strong>propono</strong></span> <span class='ocrx_word' id='word_1_166' title='bbox 1134 2637 1193 2696; x_wconf 86' lang='lat' dir='ltr'><strong>pro</strong></span> <span class='ocrx_word' id='word_1_167' title='bbox 1218 2637 1304 2696; x_wconf 88' lang='lat' dir='ltr'><strong>equo</strong></span> <span class='ocrx_word' id='word_1_168' title='bbox 1329 2636 1403 2677; x_wconf 91' lang='lat' dir='ltr'><strong>meo</strong></span> <span class='ocrx_word' id='word_1_169' title='bbox 1435 2615 1637 2677; x_wconf 90' lang='lat' dir='ltr'><strong>ambulatore</strong></span> <span class='ocrx_word' id='word_1_170' title='bbox 1661 2614 1778 2676; x_wconf 89' lang='lat' dir='ltr'><strong>coloris</strong></span> 
     </span>
     <span class='ocr_line' id='line_1_18' title="bbox 224 2721 1779 2802; baseline -0.003 -16"><span class='ocrx_word' id='word_1_171' title='bbox 224 2723 442 2798; x_wconf 69' lang='lat' dir='ltr'><strong>crematoridai,</strong></span> <span class='ocrx_word' id='word_1_172' title='bbox 468 2723 609 2785; x_wconf 91' lang='lat' dir='ltr'><strong>habente</strong></span> <span class='ocrx_word' id='word_1_173' title='bbox 634 2725 761 2802; x_wconf 82' lang='lat' dir='ltr'><strong>signum</strong></span> <span class='ocrx_word' id='word_1_174' title='bbox 786 2723 893 2784; x_wconf 88' lang='lat' dir='ltr'><strong>album</strong></span> <span class='ocrx_word' id='word_1_175' title='bbox 918 2742 1053 2802; x_wconf 87' lang='lat' dir='ltr'><strong>parvum</strong></span> <span class='ocrx_word' id='word_1_176' title='bbox 1079 2725 1107 2782; x_wconf 89' lang='lat' dir='ltr'><strong>in</strong></span> <span class='ocrx_word' id='word_1_177' title='bbox 1135 2721 1240 2783; x_wconf 82' lang='lat' dir='ltr'><strong>fronte</strong></span> <span class='ocrx_word' id='word_1_178' title='bbox 1264 2722 1453 2783; x_wconf 87' lang='lat' dir='ltr'><strong>admodum</strong></span> <span class='ocrx_word' id='word_1_179' title='bbox 1479 2721 1582 2790; x_wconf 87' lang='lat' dir='ltr'><strong>stelle,</strong></span> <span class='ocrx_word' id='word_1_180' title='bbox 1606 2724 1701 2784; x_wconf 90' lang='lat' dir='ltr'><strong>trium</strong></span> <span class='ocrx_word' id='word_1_181' title='bbox 1727 2741 1779 2782; x_wconf 90' lang='lat' dir='ltr'><strong>an·</strong></span> 
     </span>
     <span class='ocr_line' id='line_1_19' title="bbox 225 2827 1778 2910; baseline -0.002 -18"><span class='ocrx_word' id='word_1_182' title='bbox 225 2851 337 2893; x_wconf 90' lang='lat' dir='ltr'><strong>norum</strong></span> <span class='ocrx_word' id='word_1_183' title='bbox 363 2841 397 2894; x_wconf 91' lang='lat' dir='ltr'><strong>et</strong></span> <span class='ocrx_word' id='word_1_184' title='bbox 421 2831 450 2891; x_wconf 94' lang='lat' dir='ltr'><strong>in</strong></span> <span class='ocrx_word' id='word_1_185' title='bbox 470 2829 578 2892; x_wconf 89' lang='lat' dir='ltr'><strong>valore</strong></span> <span class='ocrx_word' id='word_1_186' title='bbox 603 2829 634 2892; x_wconf 95' lang='lat' dir='ltr'>X</span> <span class='ocrx_word' id='word_1_187' title='bbox 658 2829 733 2896; x_wconf 86' lang='lat' dir='ltr'><strong>flor..</strong></span> <span class='ocrx_word' id='word_1_188' title='bbox 760 2832 812 2910; x_wconf 89' lang='lat' dir='ltr'><strong>qui</strong></span> <span class='ocrx_word' id='word_1_189' title='bbox 839 2849 941 2909; x_wconf 91' lang='lat' dir='ltr'><strong>equus</strong></span> <span class='ocrx_word' id='word_1_190' title='bbox 965 2831 996 2890; x_wconf 93' lang='lat' dir='ltr'><strong>in</strong></span> <span class='ocrx_word' id='word_1_191' title='bbox 1014 2830 1108 2890; x_wconf 90' lang='lat' dir='ltr'><strong>bonis</strong></span> <span class='ocrx_word' id='word_1_192' title='bbox 1134 2827 1213 2890; x_wconf 89' lang='lat' dir='ltr'><strong>meis</strong></span> <span class='ocrx_word' id='word_1_193' title='bbox 1237 2831 1381 2908; x_wconf 89' lang='lat' dir='ltr'><strong>paternis</strong></span> <span class='ocrx_word' id='word_1_194' title='bbox 1407 2840 1515 2909; x_wconf 87' lang='lat' dir='ltr'><strong>preter</strong></span> <span class='ocrx_word' id='word_1_195' title='bbox 1540 2849 1644 2890; x_wconf 89' lang='lat' dir='ltr'><strong>meam</strong></span> <span class='ocrx_word' id='word_1_196' title='bbox 1670 2829 1778 2891; x_wconf 89' lang='lat' dir='ltr'><strong>volun·</strong></span> 
     </span>
     <span class='ocr_line' id='line_1_20' title="bbox 224 2936 1778 3016; baseline -0.003 -14"><span class='ocrx_word' id='word_1_197' title='bbox 224 2951 324 3002; x_wconf 89' lang='lat' dir='ltr'><strong>tatem</strong></span> <span class='ocrx_word' id='word_1_198' title='bbox 349 2949 499 3016; x_wconf 92' lang='lat' dir='ltr'><strong>receptus</strong></span> <span class='ocrx_word' id='word_1_199' title='bbox 523 2949 581 3006; x_wconf 89' lang='lat' dir='ltr'><strong>est,</strong></span> <span class='ocrx_word' id='word_1_200' title='bbox 615 2956 710 3016; x_wconf 89' lang='lat' dir='ltr'><strong>quem</strong></span> <span class='ocrx_word' id='word_1_201' title='bbox 736 2947 850 3016; x_wconf 88' lang='lat' dir='ltr'><strong>postea</strong></span> <span class='ocrx_word' id='word_1_202' title='bbox 875 2950 969 3016; x_wconf 87' lang='lat' dir='ltr'><strong>pater</strong></span> <span class='ocrx_word' id='word_1_203' title='bbox 993 2956 1084 2997; x_wconf 90' lang='lat' dir='ltr'><strong>meus</strong></span> <span class='ocrx_word' id='word_1_204' title='bbox 1116 2957 1187 2997; x_wconf 91' lang='lat' dir='ltr'><strong>cum</strong></span> <span class='ocrx_word' id='word_1_205' title='bbox 1215 2937 1412 2997; x_wconf 82' lang='lat' dir='ltr'><strong>ulcenotario</strong></span> <span class='ocrx_word' id='word_1_206' title='bbox 1445 2937 1607 2998; x_wconf 89' lang='lat' dir='ltr'><strong>districtus</strong></span> <span class='ocrx_word' id='word_1_207' title='bbox 1633 2936 1778 2998; x_wconf 90' lang='lat' dir='ltr'><strong>Wische·</strong></span> 
     </span>
     <span class='ocr_line' id='line_1_21' title="bbox 225 3043 1779 3127; baseline -0.001 -19"><span class='ocrx_word' id='word_1_208' title='bbox 225 3047 403 3127; x_wconf 80' lang='lat' dir='ltr'><strong>gradiensis</strong></span> <span class='ocrx_word' id='word_1_209' title='bbox 434 3046 463 3104; x_wconf 92' lang='lat' dir='ltr'><strong>in</strong></span> <span class='ocrx_word' id='word_1_210' title='bbox 489 3046 588 3106; x_wconf 92' lang='lat' dir='ltr'><strong>domo</strong></span> <span class='ocrx_word' id='word_1_211' title='bbox 621 3046 723 3124; x_wconf 89' lang='lat' dir='ltr'><strong>ipsius</strong></span> <span class='ocrx_word' id='word_1_212' title='bbox 746 3044 893 3105; x_wconf 85' lang='lat' dir='ltr'><strong>leronimi</strong></span> <span class='ocrx_word' id='word_1_213' title='bbox 930 3045 1060 3114; x_wconf 89' lang='lat' dir='ltr'><strong>invenit,</strong></span> <span class='ocrx_word' id='word_1_214' title='bbox 1097 3065 1192 3125; x_wconf 90' lang='lat' dir='ltr'><strong>quem</strong></span> <span class='ocrx_word' id='word_1_215' title='bbox 1226 3043 1419 3106; x_wconf 88' lang='lat' dir='ltr'><strong>leronimum</strong></span> <span class='ocrx_word' id='word_1_216' title='bbox 1453 3045 1544 3106; x_wconf 91' lang='lat' dir='ltr'><strong>dum.</strong></span> <span class='ocrx_word' id='word_1_217' title='bbox 1555 3054 1712 3126; x_wconf 89' lang='lat' dir='ltr'><strong>peterem,</strong></span> <span class='ocrx_word' id='word_1_218' title='bbox 1744 3055 1779 3106; x_wconf 91' lang='lat' dir='ltr'><strong>ut</strong></span> 
     </span>
     <span class='ocr_line' id='line_1_22' title="bbox 224 3150 1779 3232; baseline -0.001 -18"><span class='ocrx_word' id='word_1_219' title='bbox 224 3173 340 3232; x_wconf 90' lang='lat' dir='ltr'><strong>equum</strong></span> <span class='ocrx_word' id='word_1_220' title='bbox 367 3150 527 3231; x_wconf 86' lang='lat' dir='ltr'><strong>prelatum</strong></span> <span class='ocrx_word' id='word_1_221' title='bbox 552 3150 647 3213; x_wconf 79' lang='lat' dir='ltr'><strong>mIchi</strong></span> <span class='ocrx_word' id='word_1_222' title='bbox 673 3153 868 3220; x_wconf 88' lang='lat' dir='ltr'><strong>restitueret,</strong></span> <span class='ocrx_word' id='word_1_223' title='bbox 901 3152 1011 3219; x_wconf 90' lang='lat' dir='ltr'><strong>noluit.</strong></span> <span class='ocrx_word' id='word_1_224' title='bbox 1044 3153 1146 3212; x_wconf 91' lang='lat' dir='ltr'><strong>etsie</strong></span> <span class='ocrx_word' id='word_1_225' title='bbox 1172 3152 1337 3232; x_wconf 91' lang='lat' dir='ltr'><strong>querendo</strong></span> <span class='ocrx_word' id='word_1_226' title='bbox 1362 3150 1483 3213; x_wconf 90' lang='lat' dir='ltr'><strong>dictum</strong></span> <span class='ocrx_word' id='word_1_227' title='bbox 1510 3171 1627 3230; x_wconf 90' lang='lat' dir='ltr'><strong>equum</strong></span> <span class='ocrx_word' id='word_1_228' title='bbox 1662 3151 1779 3214; x_wconf 89' lang='lat' dir='ltr'><strong>multas</strong></span> 
     </span>
     <span class='ocr_line' id='line_1_23' title="bbox 225 3255 1778 3340; baseline -0.001 -19"><span class='ocrx_word' id='word_1_229' title='bbox 225 3259 342 3340; x_wconf 84' lang='lat' dir='ltr'><strong>IatIgas</strong></span> <span class='ocrx_word' id='word_1_230' title='bbox 373 3255 406 3320; x_wconf 87' lang='lat' dir='ltr'><strong>e&#39;t</strong></span> <span class='ocrx_word' id='word_1_231' title='bbox 431 3261 595 3338; x_wconf 90' lang='lat' dir='ltr'><strong>impensas</strong></span> <span class='ocrx_word' id='word_1_232' title='bbox 627 3256 695 3327; x_wconf 83' lang='lat' dir='ltr'><strong>leci,</strong></span> <span class='ocrx_word' id='word_1_233' title='bbox 733 3279 813 3337; x_wconf 85' lang='lat' dir='ltr'><strong>quas</strong></span> <span class='ocrx_word' id='word_1_234' title='bbox 844 3257 940 3318; x_wconf 90' lang='lat' dir='ltr'><strong>michi</strong></span> <span class='ocrx_word' id='word_1_235' title='bbox 972 3260 1090 3319; x_wconf 91' lang='lat' dir='ltr'><strong>estimo</strong></span> <span class='ocrx_word' id='word_1_236' title='bbox 1123 3268 1155 3317; x_wconf 89' lang='lat' dir='ltr'><strong>et</strong></span> <span class='ocrx_word' id='word_1_237' title='bbox 1179 3278 1283 3338; x_wconf 92' lang='lat' dir='ltr'><strong>penso</strong></span> <span class='ocrx_word' id='word_1_238' title='bbox 1315 3257 1356 3319; x_wconf 88' lang='lat' dir='ltr'><strong>ad</strong></span> <span class='ocrx_word' id='word_1_239' title='bbox 1381 3256 1412 3318; x_wconf 91' lang='lat' dir='ltr'>X</span> <span class='ocrx_word' id='word_1_240' title='bbox 1437 3257 1504 3320; x_wconf 88' lang='lat' dir='ltr'><strong>flor.</strong></span> <span class='ocrx_word' id='word_1_241' title='bbox 1528 3257 1623 3334; x_wconf 89' lang='lat' dir='ltr'><strong>alios;</strong></span> <span class='ocrx_word' id='word_1_242' title='bbox 1658 3258 1778 3320; x_wconf 89' lang='lat' dir='ltr'><strong>idcireo</strong></span> 
     </span>
     <span class='ocr_line' id='line_1_24' title="bbox 225 3363 1780 3447; baseline 0.001 -21"><span class='ocrx_word' id='word_1_243' title='bbox 225 3366 314 3428; x_wconf 88' lang='lat' dir='ltr'><strong>Ptem</strong></span> <span class='ocrx_word' id='word_1_244' title='bbox 340 3365 381 3427; x_wconf 93' lang='lat' dir='ltr'><strong>V.</strong></span> <span class='ocrx_word' id='word_1_245' title='bbox 407 3379 560 3444; x_wconf 90' lang='lat' dir='ltr'><strong>tanquam</strong></span> <span class='ocrx_word' id='word_1_246' title='bbox 585 3365 751 3427; x_wconf 91' lang='lat' dir='ltr'><strong>dominum</strong></span> <span class='ocrx_word' id='word_1_247' title='bbox 776 3367 959 3446; x_wconf 84' lang='lat' dir='ltr'><strong>graciosum</strong></span> <span class='ocrx_word' id='word_1_248' title='bbox 985 3373 1018 3425; x_wconf 91' lang='lat' dir='ltr'><strong>et</strong></span> <span class='ocrx_word' id='word_1_249' title='bbox 1041 3365 1114 3426; x_wconf 91' lang='lat' dir='ltr'><strong>iusti</strong></span> <span class='ocrx_word' id='word_1_250' title='bbox 1139 3376 1317 3427; x_wconf 86' lang='lat' dir='ltr'><strong>amatorem</strong></span> <span class='ocrx_word' id='word_1_251' title='bbox 1345 3375 1432 3444; x_wconf 90' lang='lat' dir='ltr'><strong>pet0,</strong></span> <span class='ocrx_word' id='word_1_252' title='bbox 1460 3363 1565 3427; x_wconf 88' lang='lat' dir='ltr'><strong>velitis</strong></span> <span class='ocrx_word' id='word_1_253' title='bbox 1590 3365 1684 3426; x_wconf 90' lang='lat' dir='ltr'><strong>michi</strong></span> <span class='ocrx_word' id='word_1_254' title='bbox 1710 3386 1780 3447; x_wconf 90' lang='lat' dir='ltr'><strong>pre·</strong></span> 
     </span>
     <span class='ocr_line' id='line_1_25' title="bbox 224 3459 1778 3552; baseline 0.002 -20"><span class='ocrx_word' id='word_1_255' title='bbox 224 3472 324 3535; x_wconf 89' lang='lat' dir='ltr'><strong>satum</strong></span> <span class='ocrx_word' id='word_1_256' title='bbox 349 3459 544 3534; x_wconf 86' lang='lat' dir='ltr'><strong>leronimum</strong></span> <span class='ocrx_word' id='word_1_257' title='bbox 577 3471 617 3532; x_wconf 89' lang='lat' dir='ltr'><strong>ad</strong></span> <span class='ocrx_word' id='word_1_258' title='bbox 642 3473 885 3534; x_wconf 91' lang='lat' dir='ltr'><strong>restitucionem</strong></span> <span class='ocrx_word' id='word_1_259' title='bbox 918 3473 1055 3552; x_wconf 89' lang='lat' dir='ltr'><strong>predicti</strong></span> <span class='ocrx_word' id='word_1_260' title='bbox 1080 3473 1143 3532; x_wconf 90' lang='lat' dir='ltr'><strong>mei</strong></span> <span class='ocrx_word' id='word_1_261' title='bbox 1174 3474 1248 3551; x_wconf 84' lang='lat' dir='ltr'><strong>equi</strong></span> <span class='ocrx_word' id='word_1_262' title='bbox 1274 3475 1397 3550; x_wconf 89' lang='lat' dir='ltr'><strong>recepti</strong></span> <span class='ocrx_word' id='word_1_263' title='bbox 1429 3481 1484 3534; x_wconf 91' lang='lat' dir='ltr'><strong>aut</strong></span> <span class='ocrx_word' id='word_1_264' title='bbox 1513 3473 1553 3532; x_wconf 86' lang='lat' dir='ltr'><strong>ad</strong></span> <span class='ocrx_word' id='word_1_265' title='bbox 1577 3473 1778 3535; x_wconf 90' lang='lat' dir='ltr'><strong>solucionem</strong></span> 
     </span>
     <span class='ocr_line' id='line_1_26' title="bbox 226 3578 1780 3660; baseline 0.001 -20"><span class='ocrx_word' id='word_1_266' title='bbox 226 3579 343 3642; x_wconf 89' lang='lat' dir='ltr'><strong>valoris</strong></span> <span class='ocrx_word' id='word_1_267' title='bbox 367 3580 467 3660; x_wconf 91' lang='lat' dir='ltr'><strong>ipsius</strong></span> <span class='ocrx_word' id='word_1_268' title='bbox 502 3578 616 3658; x_wconf 85' lang='lat' dir='ltr'><strong>prefati</strong></span> <span class='ocrx_word' id='word_1_269' title='bbox 645 3579 795 3640; x_wconf 91' lang='lat' dir='ltr'><strong>videlicet</strong></span> <span class='ocrx_word' id='word_1_270' title='bbox 819 3579 851 3639; x_wconf 93' lang='lat' dir='ltr'>X</span> <span class='ocrx_word' id='word_1_271' title='bbox 875 3579 942 3640; x_wconf 86' lang='lat' dir='ltr'><strong>flor.</strong></span> <span class='ocrx_word' id='word_1_272' title='bbox 968 3578 1164 3658; x_wconf 88' lang='lat' dir='ltr'><strong>compellere</strong></span> <span class='ocrx_word' id='word_1_273' title='bbox 1196 3582 1292 3642; x_wconf 87' lang='lat' dir='ltr'><strong>etad</strong></span> <span class='ocrx_word' id='word_1_274' title='bbox 1318 3581 1516 3642; x_wconf 89' lang='lat' dir='ltr'><strong>solucionem</strong></span> <span class='ocrx_word' id='word_1_275' title='bbox 1551 3579 1720 3660; x_wconf 74' lang='lat' dir='ltr'><strong>fatigatum</strong></span> <span class='ocrx_word' id='word_1_276' title='bbox 1746 3590 1780 3642; x_wconf 92' lang='lat' dir='ltr'><strong>et</strong></span> 
     </span>
     <span class='ocr_line' id='line_1_27' title="bbox 223 3685 1778 3766; baseline -0.001 -18"><span class='ocrx_word' id='word_1_277' title='bbox 223 3688 443 3764; x_wconf 82' lang='lat' dir='ltr'><strong>impensarum</strong></span> <span class='ocrx_word' id='word_1_278' title='bbox 469 3685 584 3759; x_wconf 88' lang='lat' dir='ltr'><strong>taliter,</strong></span> <span class='ocrx_word' id='word_1_279' title='bbox 609 3696 643 3747; x_wconf 92' lang='lat' dir='ltr'><strong>ut</strong></span> <span class='ocrx_word' id='word_1_280' title='bbox 668 3689 861 3766; x_wconf 90' lang='lat' dir='ltr'><strong>premissum</strong></span> <span class='ocrx_word' id='word_1_281' title='bbox 887 3698 945 3758; x_wconf 84' lang='lat' dir='ltr'><strong>est,</strong></span> <span class='ocrx_word' id='word_1_282' title='bbox 971 3687 1192 3748; x_wconf 90' lang='lat' dir='ltr'><strong>estimatarum</strong></span> <span class='ocrx_word' id='word_1_283' title='bbox 1218 3689 1493 3766; x_wconf 84' lang='lat' dir='ltr'><strong>condempnare..</strong></span> <span class='ocrx_word' id='word_1_284' title='bbox 1523 3685 1566 3747; x_wconf 90' lang='lat' dir='ltr'><strong>Et</strong></span> <span class='ocrx_word' id='word_1_285' title='bbox 1590 3687 1621 3746; x_wconf 93' lang='lat' dir='ltr'><strong>in</strong></span> <span class='ocrx_word' id='word_1_286' title='bbox 1647 3688 1778 3748; x_wconf 88' lang='lat' dir='ltr'><strong>instanti</strong></span> 
     </span>
     <span class='ocr_line' id='line_1_28' title="bbox 224 3792 1779 3875; baseline 0 -19"><span class='ocrx_word' id='word_1_287' title='bbox 224 3793 368 3875; x_wconf 87' lang='lat' dir='ltr'><strong>prefatus</strong></span> <span class='ocrx_word' id='word_1_288' title='bbox 392 3792 571 3854; x_wconf 82' lang='lat' dir='ltr'><strong>leronImus</strong></span> <span class='ocrx_word' id='word_1_289' title='bbox 603 3793 643 3854; x_wconf 92' lang='lat' dir='ltr'><strong>de</strong></span> <span class='ocrx_word' id='word_1_290' title='bbox 668 3793 887 3854; x_wconf 88' lang='lat' dir='ltr'><strong>Dzerzanowo</strong></span> <span class='ocrx_word' id='word_1_291' title='bbox 921 3815 992 3854; x_wconf 86' lang='lat' dir='ltr'><strong>reus</strong></span> <span class='ocrx_word' id='word_1_292' title='bbox 1021 3793 1251 3873; x_wconf 87' lang='lat' dir='ltr'><strong>respondendo</strong></span> <span class='ocrx_word' id='word_1_293' title='bbox 1283 3794 1324 3854; x_wconf 88' lang='lat' dir='ltr'><strong>ad</strong></span> <span class='ocrx_word' id='word_1_294' title='bbox 1349 3795 1645 3874; x_wconf 78' lang='lat' dir='ltr'><strong>propoSIeionem..</strong></span> <span class='ocrx_word' id='word_1_295' title='bbox 1670 3803 1779 3856; x_wconf 88' lang='lat' dir='ltr'><strong>stante</strong></span> 
     </span>
     <span class='ocr_line' id='line_1_29' title="bbox 224 3899 1778 3980; baseline 0 -19"><span class='ocrx_word' id='word_1_296' title='bbox 224 3903 325 3962; x_wconf 85' lang='lat' dir='ltr'><strong>eclam</strong></span> <span class='ocrx_word' id='word_1_297' title='bbox 352 3920 453 3980; x_wconf 91' lang='lat' dir='ltr'><strong>penes</strong></span> <span class='ocrx_word' id='word_1_298' title='bbox 478 3920 551 3960; x_wconf 89' lang='lat' dir='ltr'><strong>eum</strong></span> <span class='ocrx_word' id='word_1_299' title='bbox 576 3899 675 3961; x_wconf 91' lang='lat' dir='ltr'><strong>nobili</strong></span> <span class='ocrx_word' id='word_1_300' title='bbox 701 3900 820 3961; x_wconf 89' lang='lat' dir='ltr'><strong>Iacobo</strong></span> <span class='ocrx_word' id='word_1_301' title='bbox 846 3903 885 3960; x_wconf 89' lang='lat' dir='ltr'><strong>de</strong></span> <span class='ocrx_word' id='word_1_302' title='bbox 909 3899 1097 3980; x_wconf 89' lang='lat' dir='ltr'><strong>Nyesdzino</strong></span> <span class='ocrx_word' id='word_1_303' title='bbox 1123 3901 1338 3980; x_wconf 82' lang='lat' dir='ltr'><strong>personaliter</strong></span> <span class='ocrx_word' id='word_1_304' title='bbox 1363 3901 1455 3964; x_wconf 90' lang='lat' dir='ltr'><strong>dixit:</strong></span> <span class='ocrx_word' id='word_1_305' title='bbox 1491 3901 1708 3979; x_wconf 87' lang='lat' dir='ltr'><strong>Respondeas</strong></span> <span class='ocrx_word' id='word_1_306' title='bbox 1732 3899 1778 3962; x_wconf 92' lang='lat' dir='ltr'><strong>Ia·</strong></span> 
     </span>
     <span class='ocr_line' id='line_1_30' title="bbox 224 4007 1779 4090; baseline 0 -22"><span class='ocrx_word' id='word_1_307' title='bbox 224 4008 315 4076; x_wconf 92' lang='lat' dir='ltr'><strong>cobe,</strong></span> <span class='ocrx_word' id='word_1_308' title='bbox 349 4009 424 4086; x_wconf 93' lang='lat' dir='ltr'><strong>quia</strong></span> <span class='ocrx_word' id='word_1_309' title='bbox 455 4027 518 4086; x_wconf 85' lang='lat' dir='ltr'><strong>ego</strong></span> <span class='ocrx_word' id='word_1_310' title='bbox 546 4027 674 4087; x_wconf 88' lang='lat' dir='ltr'><strong>equum.</strong></span> <span class='ocrx_word' id='word_1_311' title='bbox 708 4027 804 4088; x_wconf 90' lang='lat' dir='ltr'><strong>quem</strong></span> <span class='ocrx_word' id='word_1_312' title='bbox 838 4009 925 4087; x_wconf 88' lang='lat' dir='ltr'><strong>apud</strong></span> <span class='ocrx_word' id='word_1_313' title='bbox 950 4028 1002 4068; x_wconf 90' lang='lat' dir='ltr'><strong>me</strong></span> <span class='ocrx_word' id='word_1_314' title='bbox 1035 4007 1189 4069; x_wconf 78' lang='lat' dir='ltr'><strong>Iociaabat</strong></span> <span class='ocrx_word' id='word_1_315' title='bbox 1222 4009 1439 4070; x_wconf 87' lang='lat' dir='ltr'><strong>vicenotarius</strong></span> <span class='ocrx_word' id='word_1_316' title='bbox 1463 4007 1779 4090; x_wconf 85' lang='lat' dir='ltr'><strong>Wischegradiensis</strong></span> 
     </span>
     <span class='ocr_line' id='line_1_31' title="bbox 222 4113 1777 4194; baseline 0 -20"><span class='ocrx_word' id='word_1_317' title='bbox 222 4117 252 4175; x_wconf 94' lang='lat' dir='ltr'><strong>in</strong></span> <span class='ocrx_word' id='word_1_318' title='bbox 278 4115 447 4194; x_wconf 89' lang='lat' dir='ltr'><strong>presencia</strong></span> <span class='ocrx_word' id='word_1_319' title='bbox 471 4115 573 4193; x_wconf 83' lang='lat' dir='ltr'><strong>patris</strong></span> <span class='ocrx_word' id='word_1_320' title='bbox 597 4115 650 4174; x_wconf 90' lang='lat' dir='ltr'><strong>dni</strong></span> <span class='ocrx_word' id='word_1_321' title='bbox 677 4116 800 4188; x_wconf 85' lang='lat' dir='ltr'><strong>notarii,</strong></span> <span class='ocrx_word' id='word_1_322' title='bbox 826 4124 893 4175; x_wconf 91' lang='lat' dir='ltr'><strong>ate</strong></span> <span class='ocrx_word' id='word_1_323' title='bbox 912 4115 1007 4175; x_wconf 89' lang='lat' dir='ltr'><strong>habui</strong></span> <span class='ocrx_word' id='word_1_324' title='bbox 1033 4125 1066 4176; x_wconf 92' lang='lat' dir='ltr'><strong>et</strong></span> <span class='ocrx_word' id='word_1_325' title='bbox 1090 4115 1176 4192; x_wconf 92' lang='lat' dir='ltr'><strong>apud</strong></span> <span class='ocrx_word' id='word_1_326' title='bbox 1202 4125 1234 4175; x_wconf 89' lang='lat' dir='ltr'><strong>te</strong></span> <span class='ocrx_word' id='word_1_327' title='bbox 1259 4116 1336 4191; x_wconf 88' lang='lat' dir='ltr'><strong>emi;</strong></span> <span class='ocrx_word' id='word_1_328' title='bbox 1360 4116 1414 4194; x_wconf 89' lang='lat' dir='ltr'><strong>qui</strong></span> <span class='ocrx_word' id='word_1_329' title='bbox 1438 4113 1575 4175; x_wconf 89' lang='lat' dir='ltr'><strong>Iacobus</strong></span> <span class='ocrx_word' id='word_1_330' title='bbox 1600 4113 1777 4194; x_wconf 91' lang='lat' dir='ltr'><strong>Nyesdzin-</strong></span> 
     </span>
     <span class='ocr_line' id='line_1_32' title="bbox 223 4219 1777 4304; baseline -0.001 -21"><span class='ocrx_word' id='word_1_331' title='bbox 223 4222 318 4304; x_wconf 77' lang='lat' dir='ltr'><strong>slcy..</strong></span> <span class='ocrx_word' id='word_1_332' title='bbox 343 4221 542 4300; x_wconf 83' lang='lat' dir='ltr'><strong>recognovit.</strong></span> <span class='ocrx_word' id='word_1_333' title='bbox 569 4222 747 4300; x_wconf 87' lang='lat' dir='ltr'><strong>quodcum</strong></span> <span class='ocrx_word' id='word_1_334' title='bbox 766 4241 893 4300; x_wconf 82' lang='lat' dir='ltr'><strong>equum,</strong></span> <span class='ocrx_word' id='word_1_335' title='bbox 919 4242 1014 4302; x_wconf 90' lang='lat' dir='ltr'><strong>quem</strong></span> <span class='ocrx_word' id='word_1_336' title='bbox 1040 4232 1134 4301; x_wconf 88' lang='lat' dir='ltr'><strong>pater</strong></span> <span class='ocrx_word' id='word_1_337' title='bbox 1153 4223 1265 4282; x_wconf 90' lang='lat' dir='ltr'><strong>notarii</strong></span> <span class='ocrx_word' id='word_1_338' title='bbox 1290 4222 1376 4302; x_wconf 88' lang='lat' dir='ltr'><strong>apud</strong></span> <span class='ocrx_word' id='word_1_339' title='bbox 1396 4220 1556 4302; x_wconf 85' lang='lat' dir='ltr'><strong>prefatum</strong></span> <span class='ocrx_word' id='word_1_340' title='bbox 1581 4219 1777 4282; x_wconf 87' lang='lat' dir='ltr'><strong>IeronImum</strong></span> 
     </span>
     <span class='ocr_line' id='line_1_33' title="bbox 223 4327 1778 4410; baseline 0 -22"><span class='ocrx_word' id='word_1_341' title='bbox 223 4329 310 4401; x_wconf 90' lang='lat' dir='ltr'><strong>vidit,</strong></span> <span class='ocrx_word' id='word_1_342' title='bbox 335 4329 440 4389; x_wconf 89' lang='lat' dir='ltr'><strong>eidem</strong></span> <span class='ocrx_word' id='word_1_343' title='bbox 465 4327 626 4390; x_wconf 90' lang='lat' dir='ltr'><strong>leronimo</strong></span> <span class='ocrx_word' id='word_1_344' title='bbox 651 4328 796 4390; x_wconf 90' lang='lat' dir='ltr'><strong>vendidit</strong></span> <span class='ocrx_word' id='word_1_345' title='bbox 820 4343 853 4389; x_wconf 93' lang='lat' dir='ltr'><strong>et</strong></span> <span class='ocrx_word' id='word_1_346' title='bbox 871 4349 930 4408; x_wconf 90' lang='lat' dir='ltr'><strong>pro</strong></span> <span class='ocrx_word' id='word_1_347' title='bbox 955 4331 1027 4408; x_wconf 90' lang='lat' dir='ltr'><strong>ipso</strong></span> <span class='ocrx_word' id='word_1_348' title='bbox 1044 4349 1129 4407; x_wconf 90' lang='lat' dir='ltr'><strong>equo</strong></span> <span class='ocrx_word' id='word_1_349' title='bbox 1154 4331 1224 4410; x_wconf 90' lang='lat' dir='ltr'><strong>ipse</strong></span> <span class='ocrx_word' id='word_1_350' title='bbox 1242 4327 1380 4389; x_wconf 93' lang='lat' dir='ltr'><strong>lacobus</strong></span> <span class='ocrx_word' id='word_1_351' title='bbox 1397 4327 1558 4409; x_wconf 84' lang='lat' dir='ltr'><strong>prelatum</strong></span> <span class='ocrx_word' id='word_1_352' title='bbox 1584 4327 1778 4389; x_wconf 90' lang='lat' dir='ltr'><strong>leronimum</strong></span> 
     </span>
     <span class='ocr_line' id='line_1_34' title="bbox 223 4435 1780 4516; baseline -0.001 -20"><span class='ocrx_word' id='word_1_353' title='bbox 223 4436 371 4498; x_wconf 88' lang='lat' dir='ltr'><strong>evincere</strong></span> <span class='ocrx_word' id='word_1_354' title='bbox 396 4456 430 4496; x_wconf 89' lang='lat' dir='ltr'><strong>se</strong></span> <span class='ocrx_word' id='word_1_355' title='bbox 455 4437 622 4505; x_wconf 90' lang='lat' dir='ltr'><strong>summisit,</strong></span> <span class='ocrx_word' id='word_1_356' title='bbox 648 4447 745 4516; x_wconf 91' lang='lat' dir='ltr'><strong>prout</strong></span> <span class='ocrx_word' id='word_1_357' title='bbox 770 4447 802 4498; x_wconf 91' lang='lat' dir='ltr'><strong>et</strong></span> <span class='ocrx_word' id='word_1_358' title='bbox 828 4437 869 4496; x_wconf 88' lang='lat' dir='ltr'><strong>ibi</strong></span> <span class='ocrx_word' id='word_1_359' title='bbox 894 4447 984 4496; x_wconf 91' lang='lat' dir='ltr'><strong>stans</strong></span> <span class='ocrx_word' id='word_1_360' title='bbox 1009 4435 1186 4498; x_wconf 86' lang='lat' dir='ltr'><strong>evincebat.</strong></span> <span class='ocrx_word' id='word_1_361' title='bbox 1212 4435 1355 4514; x_wconf 84' lang='lat' dir='ltr'><strong>Postque</strong></span> <span class='ocrx_word' id='word_1_362' title='bbox 1381 4437 1462 4496; x_wconf 91' lang='lat' dir='ltr'><strong>dnus</strong></span> <span class='ocrx_word' id='word_1_363' title='bbox 1486 4435 1672 4516; x_wconf 87' lang='lat' dir='ltr'><strong>Episcopus</strong></span> <span class='ocrx_word' id='word_1_364' title='bbox 1696 4437 1780 4496; x_wconf 82' lang='lat' dir='ltr'><strong>Inter</strong></span> 
     </span>
     <span class='ocr_line' id='line_1_35' title="bbox 223 4541 1778 4624; baseline -0.001 -22"><span class='ocrx_word' id='word_1_365' title='bbox 223 4553 334 4624; x_wconf 89' lang='lat' dir='ltr'><strong>partes</strong></span> <span class='ocrx_word' id='word_1_366' title='bbox 351 4541 445 4603; x_wconf 83' lang='lat' dir='ltr'><strong>finem</strong></span> <span class='ocrx_word' id='word_1_367' title='bbox 462 4543 559 4603; x_wconf 90' lang='lat' dir='ltr'><strong>cicius</strong></span> <span class='ocrx_word' id='word_1_368' title='bbox 578 4542 682 4604; x_wconf 87' lang='lat' dir='ltr'><strong>facere</strong></span> <span class='ocrx_word' id='word_1_369' title='bbox 699 4544 820 4609; x_wconf 88' lang='lat' dir='ltr'><strong>volens,</strong></span> <span class='ocrx_word' id='word_1_370' title='bbox 846 4543 1024 4624; x_wconf 81' lang='lat' dir='ltr'><strong>assignavit</strong></span> <span class='ocrx_word' id='word_1_371' title='bbox 1041 4545 1087 4604; x_wconf 91' lang='lat' dir='ltr'><strong>eis</strong></span> <span class='ocrx_word' id='word_1_372' title='bbox 1112 4545 1283 4604; x_wconf 87' lang='lat' dir='ltr'><strong>terminum</strong></span> <span class='ocrx_word' id='word_1_373' title='bbox 1310 4542 1420 4604; x_wconf 85' lang='lat' dir='ltr'><strong>feriam</strong></span> <span class='ocrx_word' id='word_1_374' title='bbox 1439 4541 1533 4604; x_wconf 73' lang='lat' dir='ltr'><strong>IV²⁸m</strong></span> <span class='ocrx_word' id='word_1_375' title='bbox 1558 4553 1634 4622; x_wconf 89' lang='lat' dir='ltr'><strong>post</strong></span> <span class='ocrx_word' id='word_1_376' title='bbox 1658 4541 1778 4603; x_wconf 86' lang='lat' dir='ltr'><strong>festum</strong></span> 
     </span>
     <span class='ocr_line' id='line_1_36' title="bbox 224 4648 1778 4730; baseline -0.001 -19"><span class='ocrx_word' id='word_1_377' title='bbox 224 4648 455 4711; x_wconf 87' lang='lat' dir='ltr'><strong>Conversionis</strong></span> <span class='ocrx_word' id='word_1_378' title='bbox 487 4669 509 4711; x_wconf 91' lang='lat' dir='ltr'><strong>s.</strong></span> <span class='ocrx_word' id='word_1_379' title='bbox 537 4649 624 4711; x_wconf 88' lang='lat' dir='ltr'><strong>Pauli</strong></span> <span class='ocrx_word' id='word_1_380' title='bbox 655 4670 747 4730; x_wconf 88' lang='lat' dir='ltr'><strong>prox.</strong></span> <span class='ocrx_word' id='word_1_381' title='bbox 773 4651 823 4711; x_wconf 92' lang='lat' dir='ltr'><strong>hic</strong></span> <span class='ocrx_word' id='word_1_382' title='bbox 857 4652 887 4712; x_wconf 85' lang='lat' dir='ltr'><strong>ln</strong></span> <span class='ocrx_word' id='word_1_383' title='bbox 913 4649 1112 4722; x_wconf 80' lang='lat' dir='ltr'><strong>Cirwenslco,</strong></span> <span class='ocrx_word' id='word_1_384' title='bbox 1149 4652 1177 4710; x_wconf 90' lang='lat' dir='ltr'><strong>in</strong></span> <span class='ocrx_word' id='word_1_385' title='bbox 1212 4671 1277 4730; x_wconf 92' lang='lat' dir='ltr'><strong>quo</strong></span> <span class='ocrx_word' id='word_1_386' title='bbox 1302 4651 1442 4712; x_wconf 90' lang='lat' dir='ltr'><strong>termino</strong></span> <span class='ocrx_word' id='word_1_387' title='bbox 1478 4651 1562 4710; x_wconf 91' lang='lat' dir='ltr'><strong>idem</strong></span> <span class='ocrx_word' id='word_1_388' title='bbox 1599 4649 1778 4710; x_wconf 88' lang='lat' dir='ltr'><strong>leronimus</strong></span> 
     </span>
     <span class='ocr_line' id='line_1_37' title="bbox 223 4753 1779 4836; baseline -0.001 -21"><span class='ocrx_word' id='word_1_389' title='bbox 223 4753 385 4836; x_wconf 83' lang='lat' dir='ltr'><strong>prelatum</strong></span> <span class='ocrx_word' id='word_1_390' title='bbox 410 4776 528 4836; x_wconf 88' lang='lat' dir='ltr'><strong>equum</strong></span> <span class='ocrx_word' id='word_1_391' title='bbox 554 4767 698 4818; x_wconf 87' lang='lat' dir='ltr'><strong>statuere</strong></span> <span class='ocrx_word' id='word_1_392' title='bbox 731 4757 830 4818; x_wconf 90' lang='lat' dir='ltr'><strong>debet</strong></span> <span class='ocrx_word' id='word_1_393' title='bbox 855 4777 895 4817; x_wconf 89' lang='lat' dir='ltr'><strong>eo</strong></span> <span class='ocrx_word' id='word_1_394' title='bbox 921 4771 1026 4836; x_wconf 76' lang='lat' dir='ltr'><strong>paeto,</strong></span> <span class='ocrx_word' id='word_1_395' title='bbox 1059 4759 1084 4818; x_wconf 89' lang='lat' dir='ltr'><strong>si</strong></span> <span class='ocrx_word' id='word_1_396' title='bbox 1108 4757 1257 4818; x_wconf 90' lang='lat' dir='ltr'><strong>videlicet</strong></span> <span class='ocrx_word' id='word_1_397' title='bbox 1293 4777 1352 4836; x_wconf 92' lang='lat' dir='ltr'><strong>per</strong></span> <span class='ocrx_word' id='word_1_398' title='bbox 1376 4756 1512 4836; x_wconf 90' lang='lat' dir='ltr'><strong>Vyslam</strong></span> <span class='ocrx_word' id='word_1_399' title='bbox 1542 4764 1631 4817; x_wconf 90' lang='lat' dir='ltr'><strong>tutus</strong></span> <span class='ocrx_word' id='word_1_400' title='bbox 1656 4753 1779 4836; x_wconf 88' lang='lat' dir='ltr'><strong>poterit</strong></span> 
     </span>
     <span class='ocr_line' id='line_1_38' title="bbox 223 4860 1776 4943; baseline -0.001 -21"><span class='ocrx_word' id='word_1_401' title='bbox 223 4860 289 4922; x_wconf 87' lang='lat' dir='ltr'><strong>fieri</strong></span> <span class='ocrx_word' id='word_1_402' title='bbox 314 4880 386 4922; x_wconf 90' lang='lat' dir='ltr'><strong>curn</strong></span> <span class='ocrx_word' id='word_1_403' title='bbox 412 4863 500 4925; x_wconf 92' lang='lat' dir='ltr'><strong>dicto</strong></span> <span class='ocrx_word' id='word_1_404' title='bbox 524 4883 611 4943; x_wconf 92' lang='lat' dir='ltr'><strong>equo</strong></span> <span class='ocrx_word' id='word_1_405' title='bbox 636 4865 798 4938; x_wconf 65' lang='lat' dir='ltr'><strong>transitus</strong></span> <span class='ocrx_word' id='word_1_406' title='bbox 832 4885 906 4924; x_wconf 91' lang='lat' dir='ltr'><strong>nam</strong></span> <span class='ocrx_word' id='word_1_407' title='bbox 933 4865 1017 4925; x_wconf 90' lang='lat' dir='ltr'><strong>idem</strong></span> <span class='ocrx_word' id='word_1_408' title='bbox 1043 4863 1223 4924; x_wconf 89' lang='lat' dir='ltr'><strong>leronimus</strong></span> <span class='ocrx_word' id='word_1_409' title='bbox 1246 4865 1329 4926; x_wconf 89' lang='lat' dir='ltr'><strong>dixit</strong></span> <span class='ocrx_word' id='word_1_410' title='bbox 1354 4885 1388 4926; x_wconf 91' lang='lat' dir='ltr'><strong>se</strong></span> <span class='ocrx_word' id='word_1_411' title='bbox 1415 4861 1576 4943; x_wconf 82' lang='lat' dir='ltr'><strong>prelatum</strong></span> <span class='ocrx_word' id='word_1_412' title='bbox 1601 4883 1719 4943; x_wconf 90' lang='lat' dir='ltr'><strong>equum</strong></span> <span class='ocrx_word' id='word_1_413' title='bbox 1745 4863 1776 4922; x_wconf 90' lang='lat' dir='ltr'><strong>iu</strong></span> 
     </span>
     <span class='ocr_line' id='line_1_39' title="bbox 224 4967 1778 5051; baseline 0 -23"><span class='ocrx_word' id='word_1_414' title='bbox 224 4967 275 5029; x_wconf 91' lang='lat' dir='ltr'><strong>illa</strong></span> <span class='ocrx_word' id='word_1_415' title='bbox 298 4978 392 5048; x_wconf 90' lang='lat' dir='ltr'><strong>parte</strong></span> <span class='ocrx_word' id='word_1_416' title='bbox 418 4967 531 5049; x_wconf 89' lang='lat' dir='ltr'><strong>Wysle</strong></span> <span class='ocrx_word' id='word_1_417' title='bbox 555 4982 632 5032; x_wconf 93' lang='lat' dir='ltr'><strong>tunc</strong></span> <span class='ocrx_word' id='word_1_418' title='bbox 657 4973 815 5050; x_wconf 83' lang='lat' dir='ltr'><strong>temporIs</strong></span> <span class='ocrx_word' id='word_1_419' title='bbox 847 4969 915 5032; x_wconf 82' lang='lat' dir='ltr'><strong>sore</strong></span> <span class='ocrx_word' id='word_1_420' title='bbox 940 4981 972 5032; x_wconf 89' lang='lat' dir='ltr'><strong>et</strong></span> <span class='ocrx_word' id='word_1_421' title='bbox 997 4991 1078 5040; x_wconf 90' lang='lat' dir='ltr'><strong>esse,</strong></span> <span class='ocrx_word' id='word_1_422' title='bbox 1112 4982 1147 5032; x_wconf 93' lang='lat' dir='ltr'><strong>ut</strong></span> <span class='ocrx_word' id='word_1_423' title='bbox 1171 4973 1216 5032; x_wconf 91' lang='lat' dir='ltr'><strong>sic</strong></span> <span class='ocrx_word' id='word_1_424' title='bbox 1241 4970 1353 5032; x_wconf 90' lang='lat' dir='ltr'><strong>melior</strong></span> <span class='ocrx_word' id='word_1_425' title='bbox 1385 4969 1451 5031; x_wconf 86' lang='lat' dir='ltr'><strong>fieri</strong></span> <span class='ocrx_word' id='word_1_426' title='bbox 1484 4981 1597 5049; x_wconf 86' lang='lat' dir='ltr'><strong>posset</strong></span> <span class='ocrx_word' id='word_1_427' title='bbox 1630 4971 1778 5051; x_wconf 86' lang='lat' dir='ltr'><strong>cognicio</strong></span> 
     </span>
     <span class='ocr_line' id='line_1_40' title="bbox 223 5075 970 5158; baseline 0.004 -23"><span class='ocrx_word' id='word_1_428' title='bbox 223 5076 307 5154; x_wconf 87' lang='lat' dir='ltr'><strong>equi,</strong></span> <span class='ocrx_word' id='word_1_429' title='bbox 332 5075 372 5136; x_wconf 92' lang='lat' dir='ltr'><strong>de</strong></span> <span class='ocrx_word' id='word_1_430' title='bbox 397 5095 463 5156; x_wconf 92' lang='lat' dir='ltr'><strong>quo</strong></span> <span class='ocrx_word' id='word_1_431' title='bbox 487 5081 711 5139; x_wconf 89' lang='lat' dir='ltr'><strong>controversia</strong></span> <span class='ocrx_word' id='word_1_432' title='bbox 735 5079 806 5157; x_wconf 91' lang='lat' dir='ltr'><strong>ipsa</strong></span> <span class='ocrx_word' id='word_1_433' title='bbox 830 5079 970 5158; x_wconf 86' lang='lat' dir='ltr'><strong>agitur..</strong></span> 
     </span>
    </p>
   </div>
   <div class='ocr_carea' id='block_1_6' title="bbox 438 5269 1434 5351">
    <p class='ocr_par' dir='ltr' id='par_1_6' title="bbox 438 5269 1434 5351">
     <span class='ocr_line' id='line_1_41' title="bbox 438 5269 1434 5351; baseline 0.001 -21"><span class='ocrx_word' id='word_1_434' title='bbox 438 5269 478 5330; x_wconf 83' lang='lat' dir='ltr'><strong>A.</strong></span> <span class='ocrx_word' id='word_1_435' title='bbox 510 5270 603 5347; x_wconf 84' lang='lat'><strong>1466,</strong></span> <span class='ocrx_word' id='word_1_436' title='bbox 628 5270 762 5332; x_wconf 90' lang='lat' dir='ltr'><strong>Ianuarii</strong></span> <span class='ocrx_word' id='word_1_437' title='bbox 789 5287 838 5348; x_wconf 87' lang='lat'><strong>30,</strong></span> <span class='ocrx_word' id='word_1_438' title='bbox 862 5272 893 5330; x_wconf 93' lang='lat' dir='ltr'><strong>in</strong></span> <span class='ocrx_word' id='word_1_439' title='bbox 920 5269 1057 5350; x_wconf 85' lang='lat' dir='ltr'><strong>lunyecz</strong></span> <span class='ocrx_word' id='word_1_440' title='bbox 1082 5273 1112 5330; x_wconf 88' lang='lat' dir='ltr'><strong>ln</strong></span> <span class='ocrx_word' id='word_1_441' title='bbox 1138 5272 1224 5331; x_wconf 89' lang='lat' dir='ltr'><strong>curia</strong></span> <span class='ocrx_word' id='word_1_442' title='bbox 1248 5271 1434 5351; x_wconf 87' lang='lat' dir='ltr'><strong>episcopali.</strong></span> 
     </span>
    </p>
   </div>
   <div class='ocr_carea' id='block_1_7' title="bbox 224 5389 1778 5798">
    <p class='ocr_par' dir='ltr' id='par_1_7' title="bbox 224 5389 1778 5798">
     <span class='ocr_line' id='line_1_42' title="bbox 333 5389 1778 5476; baseline -0.001 -18"><span class='ocrx_word' id='word_1_443' title='bbox 333 5389 395 5458; x_wconf 84' lang='lat'><strong>56.</strong></span> <span class='ocrx_word' id='word_1_444' title='bbox 421 5394 517 5475; x_wconf 82' lang='lat' dir='ltr'><strong>(Acta</strong></span> <span class='ocrx_word' id='word_1_445' title='bbox 543 5399 642 5476; x_wconf 91' lang='lat' dir='ltr'><strong>episc.</strong></span> <span class='ocrx_word' id='word_1_446' title='bbox 668 5396 724 5474; x_wconf 74' lang='lat' dir='ltr'><strong>ll..</strong></span> <span class='ocrx_word' id='word_1_447' title='bbox 759 5395 885 5458; x_wconf 92' lang='lat' dir='ltr'><strong>Nobilis</strong></span> <span class='ocrx_word' id='word_1_448' title='bbox 911 5395 1061 5456; x_wconf 83' lang='lat' dir='ltr'><strong>NIcolaus</strong></span> <span class='ocrx_word' id='word_1_449' title='bbox 1088 5393 1263 5458; x_wconf 88' lang='lat' dir='ltr'><strong>Gastholth</strong></span> <span class='ocrx_word' id='word_1_450' title='bbox 1297 5397 1336 5456; x_wconf 90' lang='lat' dir='ltr'><strong>de</strong></span> <span class='ocrx_word' id='word_1_451' title='bbox 1361 5395 1621 5460; x_wconf 87' lang='lat' dir='ltr'><strong>Prsziborovicze</strong></span> <span class='ocrx_word' id='word_1_452' title='bbox 1654 5405 1686 5456; x_wconf 91' lang='lat' dir='ltr'><strong>et</strong></span> <span class='ocrx_word' id='word_1_453' title='bbox 1711 5393 1778 5456; x_wconf 85' lang='lat' dir='ltr'><strong>Ste-</strong></span> 
     </span>
     <span class='ocr_line' id='line_1_43' title="bbox 225 5499 1778 5583; baseline 0.003 -22"><span class='ocrx_word' id='word_1_454' title='bbox 225 5499 351 5580; x_wconf 88' lang='lat' dir='ltr'><strong>phanus</strong></span> <span class='ocrx_word' id='word_1_455' title='bbox 383 5502 424 5563; x_wconf 90' lang='lat' dir='ltr'><strong>de</strong></span> <span class='ocrx_word' id='word_1_456' title='bbox 449 5499 549 5563; x_wconf 90' lang='lat' dir='ltr'><strong>Smoli</strong></span> <span class='ocrx_word' id='word_1_457' title='bbox 574 5502 711 5564; x_wconf 91' lang='lat' dir='ltr'><strong>heredes</strong></span> <span class='ocrx_word' id='word_1_458' title='bbox 736 5504 921 5583; x_wconf 81' lang='lat' dir='ltr'><strong>obligarunt</strong></span> <span class='ocrx_word' id='word_1_459' title='bbox 953 5523 988 5564; x_wconf 88' lang='lat' dir='ltr'><strong>se</strong></span> <span class='ocrx_word' id='word_1_460' title='bbox 1014 5504 1210 5564; x_wconf 71' lang='lat' dir='ltr'><strong>soluturos.</strong></span> <span class='ocrx_word' id='word_1_461' title='bbox 1235 5503 1300 5564; x_wconf 93' lang='lat' dir='ltr'><strong>dno</strong></span> <span class='ocrx_word' id='word_1_462' title='bbox 1326 5501 1468 5564; x_wconf 87' lang='lat' dir='ltr'><strong>Stiborio</strong></span> <span class='ocrx_word' id='word_1_463' title='bbox 1504 5503 1540 5564; x_wconf 91' lang='lat' dir='ltr'><strong>D.</strong></span> <span class='ocrx_word' id='word_1_464' title='bbox 1566 5525 1594 5582; x_wconf 77' lang='lat' dir='ltr'><strong>g.</strong></span> <span class='ocrx_word' id='word_1_465' title='bbox 1620 5503 1778 5583; x_wconf 88' lang='lat' dir='ltr'><strong>episcopo</strong></span> 
     </span>
     <span class='ocr_line' id='line_1_44' title="bbox 225 5605 1778 5690; baseline 0.005 -25"><span class='ocrx_word' id='word_1_466' title='bbox 225 5605 372 5669; x_wconf 91' lang='lat' dir='ltr'><strong>Plocensi</strong></span> <span class='ocrx_word' id='word_1_467' title='bbox 395 5609 426 5668; x_wconf 92' lang='lat' dir='ltr'><strong>in</strong></span> <span class='ocrx_word' id='word_1_468' title='bbox 453 5629 565 5668; x_wconf 88' lang='lat' dir='ltr'><strong>manus</strong></span> <span class='ocrx_word' id='word_1_469' title='bbox 590 5609 706 5671; x_wconf 90' lang='lat' dir='ltr'><strong>nobilis</strong></span> <span class='ocrx_word' id='word_1_470' title='bbox 731 5609 879 5671; x_wconf 78' lang='lat' dir='ltr'><strong>Stanislai</strong></span> <span class='ocrx_word' id='word_1_471' title='bbox 904 5608 945 5670; x_wconf 90' lang='lat' dir='ltr'><strong>de</strong></span> <span class='ocrx_word' id='word_1_472' title='bbox 971 5609 1142 5689; x_wconf 85' lang='lat' dir='ltr'><strong>Lunyewo</strong></span> <span class='ocrx_word' id='word_1_473' title='bbox 1167 5631 1223 5670; x_wconf 92' lang='lat' dir='ltr'><strong>sue</strong></span> <span class='ocrx_word' id='word_1_474' title='bbox 1250 5610 1314 5671; x_wconf 91' lang='lat' dir='ltr'><strong>Ptis</strong></span> <span class='ocrx_word' id='word_1_475' title='bbox 1339 5612 1370 5669; x_wconf 87' lang='lat' dir='ltr'><strong>iu</strong></span> <span class='ocrx_word' id='word_1_476' title='bbox 1396 5609 1534 5690; x_wconf 83' lang='lat' dir='ltr'><strong>lunyecz</strong></span> <span class='ocrx_word' id='word_1_477' title='bbox 1559 5613 1778 5689; x_wconf 89' lang='lat' dir='ltr'><strong>procuratoris</strong></span> 
     </span>
     <span class='ocr_line' id='line_1_45' title="bbox 224 5711 1777 5798; baseline 0.001 -25"><span class='ocrx_word' id='word_1_478' title='bbox 224 5711 338 5774; x_wconf 88' lang='lat' dir='ltr'><strong>XXIV</strong></span> <span class='ocrx_word' id='word_1_479' title='bbox 354 5735 398 5794; x_wconf 83' lang='lat' dir='ltr'><strong>gr.</strong></span> <span class='ocrx_word' id='word_1_480' title='bbox 424 5716 465 5776; x_wconf 90' lang='lat' dir='ltr'><strong>ad</strong></span> <span class='ocrx_word' id='word_1_481' title='bbox 492 5717 628 5776; x_wconf 88' lang='lat' dir='ltr'><strong>medium</strong></span> <span class='ocrx_word' id='word_1_482' title='bbox 648 5713 906 5798; x_wconf 84' lang='lat' dir='ltr'><strong>Quadragesime</strong></span> <span class='ocrx_word' id='word_1_483' title='bbox 931 5737 1026 5798; x_wconf 89' lang='lat' dir='ltr'><strong>prox.</strong></span> <span class='ocrx_word' id='word_1_484' title='bbox 1043 5719 1210 5797; x_wconf 82' lang='lat' dir='ltr'><strong>sequentis</strong></span> <span class='ocrx_word' id='word_1_485' title='bbox 1235 5718 1294 5778; x_wconf 88' lang='lat' dir='ltr'><strong>sub</strong></span> <span class='ocrx_word' id='word_1_486' title='bbox 1313 5719 1405 5796; x_wconf 88' lang='lat' dir='ltr'><strong>penis</strong></span> <span class='ocrx_word' id='word_1_487' title='bbox 1423 5717 1777 5778; x_wconf 83' lang='lat' dir='ltr'><strong>excouunumcacionis</strong></span> 
     </span>
    </p>
   </div>
   <div class='ocr_carea' id='block_1_8' title="bbox 0 0 2200 6672">
    <p class='ocr_par' dir='ltr' id='par_1_8' title="bbox 0 0 2200 6672">
     <span class='ocr_line' id='line_1_46' title="bbox 0 0 2200 6672; baseline 0 0"><span class='ocrx_word' id='word_1_488' title='bbox 0 0 2200 6672; x_wconf 95' lang='lat' dir='ltr'><strong> </strong></span> 
     </span>
    </p>
   </div>
  </div>
 </body>
</html>
