4458 6674
419 665 480 756 136
891 675 985 724 nera
1004 665 1127 725 rumctr
1140 650 1280 725 'sectus
1302 667 1490 726 euocatvsrs

418 767 725 774 -—-—-—--—·-·-—-·
732 766 1968 778 *Q———qffl———ffl-—ffl-

415 888 552 950 cularius
577 887 768 960 dormiebat,
794 889 847 968 qui
872 898 907 949 ut
931 891 1042 967 sepius
1066 888 1197 968 quando
1223 888 1355 950 nolebat
1379 889 1511 950 adeum
1530 875 1647 956 venire.
1672 890 1773 952 traxit
1796 891 1889 954 adse
1912 911 1970 971 per

416 995 563 1057 foramen
589 995 786 1056 lectisternia
811 1005 844 1057 et
862 993 1013 1074 pulsabat
1037 997 1076 1056 ad
1103 997 1270 1076 parietem,
1295 1007 1328 1056 et
1353 997 1398 1057 sic
1423 995 1596 1074 alludebat,
1621 1009 1656 1058 ut
1680 999 1813 1060 omuino
1837 998 1969 1059 adeum

415 1103 524 1164 venire
556 1101 743 1181 cogebatur.
784 1101 875 1164 Vidit
899 1103 1001 1162 eciam
1034 1101 1136 1162 semel
1167 1103 1283 1163 eodem
1318 1113 1467 1181 tempore
1501 1103 1653 1164 Iacobum
1688 1105 1848 1166 notarium
1875 1107 1970 1166 castri

415 1229 511 1270 unam
536 1221 667 1271 noctem
700 1229 810 1270 secum
835 1209 1059 1282 dormientem,
1092 1209 1203 1270 dicens
1228 1212 1302 1288 quia
1327 1212 1419 1271 testis
1452 1213 1601 1289 apperuit
1632 1211 1691 1272 sibi
1716 1210 1858 1272 hostium
1883 1223 1915 1272 et
1938 1213 1971 1272 in

415 1335 576 1377 cameram
601 1317 781 1377 intromisit.
817 1314 897 1377 Cum
923 1315 1060 1376 Nicolao
1086 1315 1310 1396 Iactorowslry
1335 1337 1422 1378 anuo
1446 1319 1604 1396 preterito
1629 1319 1711 1378 circa
1736 1317 1820 1382 festa
1845 1317 1971 1380 Natalis

416 1420 479 1484 Dui
504 1423 535 1483 in
559 1423 610 1483 die
635 1421 757 1501 aliquot
782 1423 905 1482 vicibus
930 1423 1141 1484 claudebatur
1165 1435 1290 1484 secrete
1320 1425 1350 1482 in
1376 1443 1505 1484 camera
1529 1436 1563 1486 et
1587 1436 1704 1486 testem
1732 1427 1841 1505 posuit
1864 1426 1895 1485 in
1921 1446 1970 1485 cu·

416 1529 565 1598 stodiam,
598 1550 638 1589 ne
662 1529 776 1609 aliquis
801 1531 939 1606 veniret;
975 1529 1073 1591 fiebat
1105 1531 1206 1588 eciam
1232 1531 1325 1591 testis
1358 1549 1429 1590 cum
1455 1531 1569 1591 eadem
1603 1531 1736 1592 muliere
1768 1533 1797 1591 in
1824 1531 1970 1594 Lekowo

415 1636 501 1714 apud
526 1637 626 1698 dnum
652 1634 851 1715 Lekowslry‚
877 1636 929 1696 ubi
955 1636 1032 1696 vidit
1058 1657 1128 1696 eam
1156 1647 1403 1716 pernoctantem
1429 1656 1502 1698 cmn
1527 1638 1645 1698 eodem
1670 1637 1875 1717 Lekowslcy;
1900 1657 1970 1698 cau·

416 1763 485 1805 sam
510 1743 647 1805 sciencie
671 1745 791 1814 dicens,
817 1744 891 1821 quia
916 1753 1036 1804 ateste
1054 1744 1208 1822 surgebat
1233 1765 1275 1804 ex
1292 1756 1396 1805 strato
1421 1757 1453 1805 et
1472 1745 1603 1806 intravit
1619 1745 1800 1806 cubiculum
1825 1745 1970 1806 eiusdem

416 1845 639 1929 Lelrowsky..

630 2041 671 2102 A.
702 2055 791 2120 1509,
817 2040 960 2121 Augusti
986 2057 1035 2112 21,
1062 2043 1090 2100 iu
1118 2041 1273 2103 lablonua
1298 2044 1328 2102 iu
1354 2045 1441 2102 curia
1465 2043 1651 2122 episcopali.

524 2160 613 2228 292.
638 2163 736 2245 (Acta
753 2165 850 2244 episc.
868 2163 955 2240 IX)..
972 2163 1141 2226 Discretus
1164 2163 1341 2226 Phalislaus
1359 2177 1433 2226 actu
1452 2168 1611 2244 presbiter
1628 2167 1792 2248 quondam
1810 2185 1972 2226 commen·

416 2273 524 2334 darius
540 2274 570 2331 iu
590 2271 826 2353 Dzyerzeuyno
852 2271 1010 2333 humiliter
1029 2273 1141 2351 petivit
1159 2293 1177 2332 a
1195 2273 1280 2334 Rmo
1298 2274 1362 2333 dno
1385 2267 1551 2352 Episcopo
1568 2273 1626 2334 sibi
1652 2275 1809 2354 indulgeri
1834 2271 1972 2353 publica·

417 2381 544 2440 cionem
569 2391 602 2440 et
627 2381 865 2440 intimacionem
891 2381 969 2440 certi
996 2378 1148 2440 famosi
1180 2379 1337 2452 libelli,
1361 2392 1475 2441 contra
1500 2400 1589 2440 suam
1616 2381 1708 2442 Ptem
1733 2400 1791 2459 per
1815 2380 1970 2441 Mathiam

417 2485 614 2568 Tylcyewlra
632 2485 806 2564 plebanum
823 2488 853 2546 in
874 2485 1110 2568 Dzyerzenyno
1127 2485 1275 2558 confecti,
1301 2485 1445 2566 allegans
1471 2508 1529 2566 pro
1548 2489 1737 2550 innocencia
1753 2507 1810 2548 sua
1827 2490 1972 2568 ignoran-

417 2596 498 2654 ciam
524 2594 666 2653 omnium
684 2604 716 2654 et
733 2593 931 2673 singulorum
958 2595 1187 2673 premissorum
1214 2592 1393 2672 fecisseque
1418 2593 1468 2654 illa
1493 2595 1652 2654 duntaxat
1674 2592 1714 2654 ad
1731 2595 1922 2656 instanciam
1940 2601 1973 2652 et

418 2701 605 2762 mandatum
624 2700 699 2760 dicti
716 2697 942 2780 Thykyewlra,
960 2702 1049 2760 cuius
1066 2699 1228 2760 familiaris
1241 2711 1317 2760 tunc
1331 2699 1434 2760 fuerat
1448 2721 1508 2760 nec
1523 2701 1606 2761 licuit
1620 2699 1724 2760 eidem
1740 2702 1796 2762 nisi
1812 2701 1973 2760 mandatis

417 2809 560 2880 obedire,
577 2817 694 2886 petens
711 2826 747 2868 se
765 2827 783 2867 a
799 2808 973 2868 sentenciis
990 2809 1349 2876 excommunicacionis,
1367 2809 1483 2886 quibus
1502 2807 1605 2868 fuerat
1624 2809 1752 2867 racione
1770 2806 1973 2867 contumacie

418 2935 476 2994 per
493 2933 582 2974 suam
601 2911 691 2974 Ptem
709 2913 890 2980 innodatus.
915 2913 1047 2984 absolvi,
1066 2915 1104 2972 ad
1123 2912 1418 2992 declarandumque
1437 2933 1567 2974 onmem
1586 2915 1807 2975 innocenciam
1824 2923 1856 2974 et
1872 2913 1977 2972 iustas

418 3023 599 3102 peticiones
611 3039 687 3081 suas
700 3021 831 3082 recessit
845 3021 963 3080 ibidem
978 3021 1019 3080 ab
1032 3020 1183 3081 omnibus
1196 3019 1480 3100 appellacionibus.
1500 3021 1790 3084 commissionibus
1809 3021 1974 3098 rescriptis

418 3137 451 3190 et
463 3127 540 3196 aliis,
555 3127 671 3206 quibus
684 3147 719 3188 se
732 3138 907 3207 propterea
918 3126 1091 3187 defendere
1104 3128 1291 3198 conabatur,
1306 3147 1368 3206 que
1383 3126 1505 3206 singula
1521 3139 1551 3188 et
1565 3149 1606 3188 ex
1620 3131 1665 3188 eis
1679 3127 1973 3205 quomodocunque

419 3237 546 3315 quesita
558 3235 608 3295 vel
623 3235 796 3314 querenda,
810 3233 883 3294 lites
894 3247 926 3296 et
940 3235 1179 3296 controversias
1192 3247 1256 3294 tam
1272 3255 1343 3293 cum
1353 3254 1411 3298 sua
1423 3234 1486 3301 Pte,
1502 3253 1597 3312 quam
1613 3233 1818 3294 familiaribus
1831 3233 1973 3293 eiusdem

417 3343 588 3403 occasione
615 3361 729 3410 rerum,
754 3360 834 3418 quas
858 3341 1074 3420 pretendebat
1098 3341 1180 3401 circa
1198 3341 1368 3401 ecclesiam
1386 3343 1417 3402 in
1437 3341 1675 3419 Dzyerzenyno
1698 3341 1758 3401 sibi
1783 3340 1916 3410 ablatas,
1942 3349 1976 3398 et

418 3448 549 3508 aliarum
581 3449 764 3507 iniuriarum
794 3445 1012 3525 personalium
1045 3448 1095 3507 vel
1127 3449 1259 3508 realium
1284 3451 1433 3520 cassavit,
1466 3448 1641 3508 annullavit
1666 3459 1698 3508 et
1723 3449 1811 3509 irrita
1836 3446 1910 3507 fecit
1934 3446 1975 3504 ab

419 3555 635 3634 omnibusque
658 3555 832 3632 premissis,
858 3554 911 3613 ubi
936 3553 995 3614 sibi
1020 3565 1208 3633 competere
1234 3555 1429 3628 viderentur,
1453 3555 1581 3614 realiter
1606 3565 1726 3616 etcum
1752 3554 1868 3615 effectu
1894 3553 1976 3614 dixit

418 3661 555 3722 eandem
580 3659 732 3720 familiam
750 3661 778 3720 in
797 3660 884 3720 nullo
901 3659 960 3720 sibi
979 3660 1154 3736 obligatam
1173 3680 1245 3720 esse
1264 3681 1369 3740 neque
1395 3663 1583 3722 iniuriatam.
1609 3659 1650 3719 Et
1667 3662 1691 3720 si
1709 3657 1815 3740 alique
1840 3660 1975 3720 extima-

418 3770 528 3828 ciones
544 3769 728 3828 iniuriarum
747 3765 798 3827 vel
815 3766 933 3826 damna
951 3786 1056 3824 rerum
1075 3787 1133 3846 per
1152 3786 1225 3826 eum
1244 3765 1329 3826 facta
1348 3767 1415 3827 fore
1433 3788 1541 3826 curam
1560 3767 1805 3846 quibuscunque
1828 3766 1975 3846 personis

418 3877 645 3944 invenirentur,
670 3891 799 3934 exnunc
824 3873 938 3934 eadem
963 3873 1163 3934 calumniosa
1179 3871 1252 3934 ficta
1270 3875 1310 3933 ad
1328 3877 1574 3952 suggestionem
1592 3873 1705 3934 falsam
1730 3873 1864 3934 aliorum
1891 3873 1975 3933 facta

420 3980 546 4060 publice
578 3981 659 4040 dixit
684 3991 717 4040 et
741 3979 901 4058 allegavit,
934 3979 1091 4058 aquibus
1123 3981 1309 4041 omnibus.
1342 3985 1483 4048 recessit,
1517 4001 1575 4041 uec
1600 3983 1705 4042 scuti
1729 3981 1813 4042 velle
1836 3979 1976 4057 amplius

420 4088 567 4167 promisit
590 4087 651 4148 sub
676 4088 767 4163 penis
792 4107 852 4166 pro
876 4087 1009 4146 arbitrio
1035 4085 1106 4146 Rmi
1125 4086 1178 4145 dni
1197 4086 1449 4166 promulgandis.
1475 4086 1671 4167 Quiquidem
1699 4087 1800 4149 Rmus
1825 4089 1908 4148 dnus
1933 4086 1973 4146 ad

419 4195 599 4274 peticiones
622 4193 780 4254 instantes
804 4193 948 4253 eiusdem
966 4205 998 4252 et
1015 4192 1147 4253 aliorum
1176 4194 1381 4272 plurimorum
1409 4194 1604 4274 prelatorum
1623 4205 1656 4255 et
1675 4195 1829 4255 baronum
1855 4193 1975 4254 ibidem

419 4302 598 4362 astancium
616 4310 648 4360 et
667 4297 698 4358 id
715 4301 821 4380 ipsum
839 4319 909 4358 cum
935 4298 1063 4378 prefato
1087 4299 1248 4360 Plralislao
1273 4303 1457 4380 petentium
1482 4302 1627 4360 iniuriam
1654 4321 1711 4378 per
1734 4303 1974 4362 intimaciouenr

420 4405 518 4467 libelli
543 4404 658 4486 prefati
684 4404 803 4466 factam
828 4407 859 4468 in
881 4425 974 4484 spem
999 4405 1136 4466 emende
1160 4407 1264 4467 eidem
1291 4409 1472 4488 presbitero
1496 4409 1617 4468 remisit
1635 4429 1651 4465 a
1671 4409 1908 4487 sententiisque
1923 4427 1975 4466 ex·

419 4513 734 4583 communicationis,
757 4512 873 4592 quibus
897 4511 999 4573 fuerat
1024 4513 1203 4580 innodatus.
1229 4513 1260 4573 in
1284 4513 1422 4574 eundem
1448 4513 1596 4574 effectum
1621 4513 1792 4575 absolvit..

634 4703 676 4766 A.
698 4719 789 4782 1509,
814 4703 956 4786 Augusti
982 4722 1032 4784 31,
1056 4707 1088 4765 in
1114 4705 1278 4767 Pollowslc
1304 4709 1334 4766 in
1358 4709 1443 4766 curia
1469 4709 1655 4787 episcopali.

528 4825 617 4893 293.
642 4827 741 4907 (Acta
766 4829 862 4908 episc.
888 4828 953 4909 IX).
985 4829 1020 4890 ln
1045 4850 1142 4891 causa
1166 4833 1387 4892 commissalia
1418 4833 1598 4910 apostolica
1624 4831 1739 4892 nubilis
1769 4829 1892 4892 ltamile
1915 4829 1976 4891 La·

421 4935 590 4999 schewska
622 4936 701 4996 dioc.
738 4935 822 4998 l’loc.
853 4948 966 4997 contra
1000 4958 1192 5017 generosum
1227 4938 1325 4998 dnum
1359 4939 1534 4998 iohannem
1567 4937 1834 5019 Zabrzeszyusky
1866 4937 1975 5018 Magni

422 5043 567 5104 Ducatus
584 5041 756 5103 Lithuanie
782 5042 982 5114 marsalcum,
1006 5043 1143 5105 lacobus
1160 5046 1200 5106 de
1218 5045 1338 5106 Brzoae
1355 5045 1470 5105 nobilis
1488 5046 1611 5106 ltamile
1629 5057 1828 5126 procurator,
1846 5065 1887 5106 ex
1905 5064 1976 5116 una,

422 5162 455 5212 et
479 5147 636 5210 Albertus
660 5150 701 5209 de
728 5148 971 5229 Goralrowycze
996 5150 1112 5230 prefati
1136 5152 1191 5211 dni
1217 5151 1366 5212 lobannis
1391 5151 1658 5232 Zabrzesaynslry
1686 5161 1909 5232 procurator..
1935 5149 1977 5210 ad

421 5269 495 5319 acta
519 5257 722 5326 constitutus,
755 5257 899 5336 partibus
931 5278 973 5317 ex
997 5258 1130 5318 altera..
1164 5259 1247 5318 idem
1274 5259 1443 5318 lacobus..
1476 5261 1578 5337 partis
1609 5260 1706 5322 eitate
1739 5259 1975 5318 contumaciam

422 5365 618 5426 accusavit..
651 5383 744 5442 mgro
778 5364 917 5424 Alberto
950 5365 989 5424 de
1022 5363 1299 5443 Gorzlsowycze..
1332 5365 1535 5444 approbante
1568 5365 1686 5426 ibidem
1721 5365 1974 5426 iurisdiccionem

421 5473 551 5538 domini,
583 5491 647 5550 quo
674 5471 713 5529 ad
738 5491 930 5548 processum
956 5483 1065 5532 autem
1090 5471 1171 5532 dixit
1195 5492 1258 5531 nou
1284 5471 1436 5531 debere..
1461 5473 1489 5530 in
1516 5491 1611 5531 causa
1636 5473 1817 5532 huiusmodi
1843 5468 1974 5551 procedi

422 5599 466 5641 ex
489 5599 538 5649 eo,
564 5579 650 5658 quod
677 5579 860 5658 principalis
885 5599 960 5640 suus
985 5591 1035 5640 est
1058 5580 1089 5638 iu
1114 5579 1352 5639 universali
1385 5577 1677 5657 expedicione
1709 5579 1872 5640 bellica
1902 5597 1975 5638 cum

423 5685 462 5746 R.
479 5685 580 5746 Mte..
605 5685 647 5745 Et
664 5684 798 5746 domino
814 5685 917 5746 Rmus
934 5684 1150 5766 Episcopus.
1176 5687 1309 5746 attentis
1325 5685 1416 5744 iustis
1434 5685 1649 5762 peticionibus
1674 5684 1789 5764 prefati
1815 5684 1977 5746 Alberti..
