<?xml version="1.0" encoding="UTF-8"?>
<!DOCTYPE html PUBLIC "-//W3C//DTD XHTML 1.0 Transitional//EN"
    "http://www.w3.org/TR/xhtml1/DTD/xhtml1-transitional.dtd">
<html xmlns="http://www.w3.org/1999/xhtml" xml:lang="en" lang="en">
 <head>
  <title>
</title>
<meta http-equiv="Content-Type" content="text/html;charset=utf-8" />
  <meta name='ocr-system' content='tesseract 3.04.00' />
  <meta name='ocr-capabilities' content='ocr_page ocr_carea ocr_par ocr_line ocrx_word'/>
</head>
<body>
  <div class='ocr_page' id='page_1' title='image "actacapitulorum01czubgoog_0126.png"; bbox 0 0 4458 6674; ppageno 0'>
   <div class='ocr_carea' id='block_1_1' title="bbox 457 693 1525 754">
    <p class='ocr_par' dir='ltr' id='par_1_1' title="bbox 457 693 1525 754">
     <span class='ocr_line' id='line_1_1' title="bbox 457 693 1525 754; baseline -0.002 -9"><span class='ocrx_word' id='word_1_1' title='bbox 457 710 516 754; x_wconf 87' lang='lat'><strong>112</strong></span> <span class='ocrx_word' id='word_1_2' title='bbox 928 694 1021 742; x_wconf 73' lang='lat' dir='ltr'><strong>ACTA</strong></span> <span class='ocrx_word' id='word_1_3' title='bbox 1042 693 1163 744; x_wconf 92' lang='lat' dir='ltr'><strong>lUDlClI</strong></span> <span class='ocrx_word' id='word_1_4' title='bbox 1181 693 1317 742; x_wconf 81' lang='lat' dir='ltr'>ECCLES.</span> <span class='ocrx_word' id='word_1_5' title='bbox 1339 695 1525 743; x_wconf 79' lang='lat' dir='ltr'><strong>PLOCENSlS</strong></span> 
     </span>
    </p>
   </div>
   <div class='ocr_carea' id='block_1_2' title="bbox 558 783 2002 792">
    <p class='ocr_par' dir='ltr' id='par_1_2' title="bbox 558 783 2002 792">
     <span class='ocr_line' id='line_1_2' title="bbox 558 783 2002 792; baseline 0.001 -2"><span class='ocrx_word' id='word_1_6' title='bbox 558 785 566 790; x_wconf 87' lang='grc'><strong>-.</strong></span> <span class='ocrx_word' id='word_1_7' title='bbox 579 785 609 790; x_wconf 66' lang='lat'><strong><em>—</em></strong></span> <span class='ocrx_word' id='word_1_8' title='bbox 764 783 1055 790; x_wconf 69' lang='lat'>——-——-.--.-.-.—-</span> <span class='ocrx_word' id='word_1_9' title='bbox 1071 785 1125 790; x_wconf 83' lang='grc'>...-.</span> <span class='ocrx_word' id='word_1_10' title='bbox 1163 785 1219 790; x_wconf 66' lang='grc'><strong>...-</strong></span> <span class='ocrx_word' id='word_1_11' title='bbox 1237 785 1300 790; x_wconf 74' lang='grc'><strong>---</strong></span> <span class='ocrx_word' id='word_1_12' title='bbox 1320 785 1331 790; x_wconf 87' lang='grc'><strong>..</strong></span> <span class='ocrx_word' id='word_1_13' title='bbox 1344 785 1422 791; x_wconf 58' lang='grc' dir='ltr'><strong><em>--ω-</em></strong></span> <span class='ocrx_word' id='word_1_14' title='bbox 1443 785 1672 792; x_wconf 56' lang='grc' dir='ltr'><strong>--ῌ-ο-κ-</strong></span> <span class='ocrx_word' id='word_1_15' title='bbox 1691 785 1720 792; x_wconf 70' lang='grc'><strong>..-</strong></span> <span class='ocrx_word' id='word_1_16' title='bbox 1741 786 2002 792; x_wconf 57' lang='grc' dir='ltr'><strong>Ἦ--</strong></span> 
     </span>
    </p>
   </div>
   <div class='ocr_carea' id='block_1_3' title="bbox 452 903 2023 5149">
    <p class='ocr_par' dir='ltr' id='par_1_3' title="bbox 452 903 2022 4718">
     <span class='ocr_line' id='line_1_3' title="bbox 452 903 2003 986; baseline 0 -20"><span class='ocrx_word' id='word_1_17' title='bbox 452 903 587 972; x_wconf 80' lang='grc' dir='ltr'>Ν100111,</span> <span class='ocrx_word' id='word_1_18' title='bbox 619 913 715 983; x_wconf 91' lang='lat' dir='ltr'><strong>prout</strong></span> <span class='ocrx_word' id='word_1_19' title='bbox 739 913 772 966; x_wconf 90' lang='lat' dir='ltr'><strong>et</strong></span> <span class='ocrx_word' id='word_1_20' title='bbox 796 923 880 964; x_wconf 91' lang='lat' dir='ltr'><strong>nunc</strong></span> <span class='ocrx_word' id='word_1_21' title='bbox 904 904 948 964; x_wconf 91' lang='lat' dir='ltr'><strong>ibi</strong></span> <span class='ocrx_word' id='word_1_22' title='bbox 972 915 1050 982; x_wconf 86' lang='lat' dir='ltr'><strong>stat;</strong></span> <span class='ocrx_word' id='word_1_23' title='bbox 1081 907 1208 986; x_wconf 89' lang='lat' dir='ltr'><strong>etipse</strong></span> <span class='ocrx_word' id='word_1_24' title='bbox 1232 905 1289 966; x_wconf 86' lang='lat' dir='ltr'><strong>Iak</strong></span> <span class='ocrx_word' id='word_1_25' title='bbox 1314 905 1470 986; x_wconf 85' lang='lat' dir='ltr'><strong>obligavit</strong></span> <span class='ocrx_word' id='word_1_26' title='bbox 1494 926 1530 966; x_wconf 90' lang='lat' dir='ltr'><strong>se</strong></span> <span class='ocrx_word' id='word_1_27' title='bbox 1555 927 1615 986; x_wconf 92' lang='lat' dir='ltr'><strong>pro</strong></span> <span class='ocrx_word' id='word_1_28' title='bbox 1640 907 1725 968; x_wconf 92' lang='lat' dir='ltr'><strong>dicta</strong></span> <span class='ocrx_word' id='word_1_29' title='bbox 1750 907 1821 986; x_wconf 87' lang='lat' dir='ltr'>pice</span> <span class='ocrx_word' id='word_1_30' title='bbox 1852 906 1948 968; x_wconf 91' lang='lat' dir='ltr'><strong>michi</strong></span> <span class='ocrx_word' id='word_1_31' title='bbox 1972 909 2003 968; x_wconf 94' lang='lat' dir='ltr'><strong>in</strong></span> 
     </span>
     <span class='ocr_line' id='line_1_4' title="bbox 454 1009 2006 1092; baseline 0.002 -21"><span class='ocrx_word' id='word_1_32' title='bbox 454 1012 597 1092; x_wconf 89' lang='lat' dir='ltr'><strong>pecuniis</strong></span> <span class='ocrx_word' id='word_1_33' title='bbox 628 1013 660 1070; x_wconf 93' lang='lat' dir='ltr'><strong>in</strong></span> <span class='ocrx_word' id='word_1_34' title='bbox 684 1011 824 1072; x_wconf 91' lang='lat' dir='ltr'><strong>medium</strong></span> <span class='ocrx_word' id='word_1_35' title='bbox 850 1009 955 1071; x_wconf 87' lang='lat' dir='ltr'><strong>villam</strong></span> <span class='ocrx_word' id='word_1_36' title='bbox 980 1011 1109 1084; x_wconf 89' lang='lat' dir='ltr'><strong>Porath,</strong></span> <span class='ocrx_word' id='word_1_37' title='bbox 1141 1014 1244 1072; x_wconf 87' lang='lat' dir='ltr'><strong>etsie</strong></span> <span class='ocrx_word' id='word_1_38' title='bbox 1270 1023 1345 1091; x_wconf 87' lang='lat' dir='ltr'><strong>post</strong></span> <span class='ocrx_word' id='word_1_39' title='bbox 1371 1025 1508 1073; x_wconf 89' lang='lat' dir='ltr'><strong>mortem</strong></span> <span class='ocrx_word' id='word_1_40' title='bbox 1541 1013 1618 1075; x_wconf 91' lang='lat' dir='ltr'><strong>dicti</strong></span> <span class='ocrx_word' id='word_1_41' title='bbox 1642 1013 1700 1074; x_wconf 81' lang='lat' dir='ltr'><strong>Ialr</strong></span> <span class='ocrx_word' id='word_1_42' title='bbox 1724 1033 1807 1075; x_wconf 80' lang='lat' dir='ltr'><strong>uxor</strong></span> <span class='ocrx_word' id='word_1_43' title='bbox 1838 1033 1910 1074; x_wconf 93' lang='lat' dir='ltr'><strong>cum</strong></span> <span class='ocrx_word' id='word_1_44' title='bbox 1936 1013 2006 1074; x_wconf 87' lang='lat' dir='ltr'><strong>liliis</strong></span> 
     </span>
     <span class='ocr_line' id='line_1_5' title="bbox 454 1117 2007 1200; baseline 0.001 -22"><span class='ocrx_word' id='word_1_45' title='bbox 454 1129 646 1197; x_wconf 88' lang='lat' dir='ltr'><strong>receperunt</strong></span> <span class='ocrx_word' id='word_1_46' title='bbox 670 1119 839 1197; x_wconf 89' lang='lat' dir='ltr'><strong>pecuniam</strong></span> <span class='ocrx_word' id='word_1_47' title='bbox 864 1137 882 1176; x_wconf 90' lang='lat' dir='ltr'><strong>a</strong></span> <span class='ocrx_word' id='word_1_48' title='bbox 907 1118 972 1177; x_wconf 87' lang='lat' dir='ltr'><strong>dno</strong></span> <span class='ocrx_word' id='word_1_49' title='bbox 996 1119 1154 1178; x_wconf 90' lang='lat' dir='ltr'><strong>canonico</strong></span> <span class='ocrx_word' id='word_1_50' title='bbox 1179 1117 1411 1199; x_wconf 75' lang='lat' dir='ltr'><strong>Prasmoivslry</strong></span> <span class='ocrx_word' id='word_1_51' title='bbox 1435 1120 1526 1181; x_wconf 88' lang='lat' dir='ltr'><strong>iuxta</strong></span> <span class='ocrx_word' id='word_1_52' title='bbox 1550 1120 1799 1198; x_wconf 83' lang='lat' dir='ltr'><strong>obligacionem.</strong></span> <span class='ocrx_word' id='word_1_53' title='bbox 1832 1139 1929 1200; x_wconf 89' lang='lat' dir='ltr'><strong>quam</strong></span> <span class='ocrx_word' id='word_1_54' title='bbox 1953 1119 2007 1180; x_wconf 91' lang='lat' dir='ltr'><strong>ha·</strong></span> 
     </span>
     <span class='ocr_line' id='line_1_6' title="bbox 454 1223 2006 1306; baseline -0.001 -20"><span class='ocrx_word' id='word_1_55' title='bbox 454 1226 522 1286; x_wconf 91' lang='lat' dir='ltr'><strong>buit</strong></span> <span class='ocrx_word' id='word_1_56' title='bbox 547 1245 565 1286; x_wconf 92' lang='lat' dir='ltr'><strong>a</strong></span> <span class='ocrx_word' id='word_1_57' title='bbox 589 1223 685 1286; x_wconf 89' lang='lat' dir='ltr'><strong>Srmo</strong></span> <span class='ocrx_word' id='word_1_58' title='bbox 710 1225 854 1304; x_wconf 82' lang='lat' dir='ltr'><strong>principe</strong></span> <span class='ocrx_word' id='word_1_59' title='bbox 879 1224 1038 1292; x_wconf 80' lang='lat' dir='ltr'><strong>Boleslao</strong></span> <span class='ocrx_word' id='word_1_60' title='bbox 1071 1236 1167 1305; x_wconf 90' lang='lat' dir='ltr'><strong>prout</strong></span> <span class='ocrx_word' id='word_1_61' title='bbox 1193 1223 1290 1285; x_wconf 88' lang='lat' dir='ltr'><strong>lacius</strong></span> <span class='ocrx_word' id='word_1_62' title='bbox 1314 1225 1451 1286; x_wconf 85' lang='lat' dir='ltr'><strong>habetur·</strong></span> <span class='ocrx_word' id='word_1_63' title='bbox 1484 1228 1514 1286; x_wconf 92' lang='lat' dir='ltr'><strong>in</strong></span> <span class='ocrx_word' id='word_1_64' title='bbox 1539 1225 1745 1306; x_wconf 84' lang='lat' dir='ltr'><strong>obligacione</strong></span> <span class='ocrx_word' id='word_1_65' title='bbox 1777 1237 1810 1287; x_wconf 91' lang='lat' dir='ltr'><strong>et</strong></span> <span class='ocrx_word' id='word_1_66' title='bbox 1834 1228 1880 1288; x_wconf 91' lang='lat' dir='ltr'><strong>sic</strong></span> <span class='ocrx_word' id='word_1_67' title='bbox 1904 1236 2006 1288; x_wconf 86' lang='lat' dir='ltr'><strong>totam</strong></span> 
     </span>
     <span class='ocr_line' id='line_1_7' title="bbox 455 1331 2009 1414; baseline 0 -22"><span class='ocrx_word' id='word_1_68' title='bbox 455 1351 613 1394; x_wconf 89' lang='lat' dir='ltr'><strong>summam</strong></span> <span class='ocrx_word' id='word_1_69' title='bbox 638 1341 829 1410; x_wconf 87' lang='lat' dir='ltr'><strong>receperunt</strong></span> <span class='ocrx_word' id='word_1_70' title='bbox 853 1341 886 1390; x_wconf 88' lang='lat' dir='ltr'><strong>et</strong></span> <span class='ocrx_word' id='word_1_71' title='bbox 904 1351 962 1409; x_wconf 93' lang='lat' dir='ltr'><strong>pro</strong></span> <span class='ocrx_word' id='word_1_72' title='bbox 980 1339 1073 1410; x_wconf 87' lang='lat' dir='ltr'><strong>parte</strong></span> <span class='ocrx_word' id='word_1_73' title='bbox 1091 1351 1171 1403; x_wconf 89' lang='lat' dir='ltr'><strong>mea,</strong></span> <span class='ocrx_word' id='word_1_74' title='bbox 1196 1352 1292 1411; x_wconf 93' lang='lat' dir='ltr'><strong>quam</strong></span> <span class='ocrx_word' id='word_1_75' title='bbox 1311 1331 1520 1414; x_wconf 89' lang='lat' dir='ltr'><strong>de[buerunt]</strong></span> <span class='ocrx_word' id='word_1_76' title='bbox 1545 1332 1638 1394; x_wconf 90' lang='lat' dir='ltr'><strong>michi</strong></span> <span class='ocrx_word' id='word_1_77' title='bbox 1664 1353 1821 1412; x_wconf 89' lang='lat' dir='ltr'><strong>reponere</strong></span> <span class='ocrx_word' id='word_1_78' title='bbox 1846 1333 2009 1413; x_wconf 89' lang='lat' dir='ltr'><strong>prodicta</strong></span> 
     </span>
     <span class='ocr_line' id='line_1_8' title="bbox 456 1437 2009 1520; baseline -0.001 -20"><span class='ocrx_word' id='word_1_79' title='bbox 456 1443 537 1520; x_wconf 88' lang='lat' dir='ltr'>pice,</span> <span class='ocrx_word' id='word_1_80' title='bbox 561 1438 657 1500; x_wconf 81' lang='lat' dir='ltr'><strong>nichil</strong></span> <span class='ocrx_word' id='word_1_81' title='bbox 681 1449 904 1516; x_wconf 87' lang='lat' dir='ltr'><strong>reposuerunt,</strong></span> <span class='ocrx_word' id='word_1_82' title='bbox 937 1448 968 1498; x_wconf 89' lang='lat' dir='ltr'><strong>et</strong></span> <span class='ocrx_word' id='word_1_83' title='bbox 993 1439 1018 1498; x_wconf 89' lang='lat' dir='ltr'><strong>si</strong></span> <span class='ocrx_word' id='word_1_84' title='bbox 1043 1437 1155 1499; x_wconf 89' lang='lat' dir='ltr'><strong>nolunt</strong></span> <span class='ocrx_word' id='word_1_85' title='bbox 1180 1439 1256 1499; x_wconf 90' lang='lat' dir='ltr'><strong>dicti</strong></span> <span class='ocrx_word' id='word_1_86' title='bbox 1281 1437 1332 1499; x_wconf 86' lang='lat' dir='ltr'><strong>lilii</strong></span> <span class='ocrx_word' id='word_1_87' title='bbox 1366 1439 1422 1500; x_wconf 78' lang='lat' dir='ltr'><strong>tat&lt;</strong></span> <span class='ocrx_word' id='word_1_88' title='bbox 1454 1440 1664 1501; x_wconf 80' lang='lat' dir='ltr'><strong>amicabiliter</strong></span> <span class='ocrx_word' id='word_1_89' title='bbox 1695 1459 1901 1520; x_wconf 88' lang='lat' dir='ltr'><strong>componere,</strong></span> <span class='ocrx_word' id='word_1_90' title='bbox 1932 1449 2009 1500; x_wconf 88' lang='lat' dir='ltr'><strong>tunc</strong></span> 
     </span>
     <span class='ocr_line' id='line_1_9' title="bbox 457 1543 2010 1627; baseline -0.001 -19"><span class='ocrx_word' id='word_1_91' title='bbox 457 1555 617 1627; x_wconf 86' lang='lat' dir='ltr'>reponant</span> <span class='ocrx_word' id='word_1_92' title='bbox 650 1547 782 1606; x_wconf 86' lang='lat' dir='ltr'><strong>terciam</strong></span> <span class='ocrx_word' id='word_1_93' title='bbox 809 1557 944 1625; x_wconf 89' lang='lat' dir='ltr'><strong>partem,</strong></span> <span class='ocrx_word' id='word_1_94' title='bbox 977 1555 1010 1606; x_wconf 93' lang='lat' dir='ltr'><strong>et</strong></span> <span class='ocrx_word' id='word_1_95' title='bbox 1034 1545 1096 1606; x_wconf 86' lang='lat' dir='ltr'><strong>alia</strong></span> <span class='ocrx_word' id='word_1_96' title='bbox 1120 1547 1275 1626; x_wconf 88' lang='lat' dir='ltr'><strong>permitto</strong></span> <span class='ocrx_word' id='word_1_97' title='bbox 1308 1557 1442 1626; x_wconf 92' lang='lat' dir='ltr'><strong>propter</strong></span> <span class='ocrx_word' id='word_1_98' title='bbox 1467 1545 1571 1607; x_wconf 92' lang='lat' dir='ltr'><strong>Deum</strong></span> <span class='ocrx_word' id='word_1_99' title='bbox 1603 1559 1659 1608; x_wconf 87' lang='lat' dir='ltr'><strong>aut</strong></span> <span class='ocrx_word' id='word_1_100' title='bbox 1691 1546 1781 1620; x_wconf 83' lang='lat' dir='ltr'><strong>ultra,</strong></span> <span class='ocrx_word' id='word_1_101' title='bbox 1813 1547 1895 1608; x_wconf 92' lang='lat' dir='ltr'><strong>sicut</strong></span> <span class='ocrx_word' id='word_1_102' title='bbox 1926 1543 2010 1606; x_wconf 90' lang='lat' dir='ltr'><strong>vide·</strong></span> 
     </span>
     <span class='ocr_line' id='line_1_10' title="bbox 457 1651 2010 1732; baseline -0.001 -18"><span class='ocrx_word' id='word_1_103' title='bbox 457 1654 542 1714; x_wconf 89' lang='lat' dir='ltr'><strong>bitur</strong></span> <span class='ocrx_word' id='word_1_104' title='bbox 566 1654 647 1714; x_wconf 88' lang='lat' dir='ltr'><strong>meis</strong></span> <span class='ocrx_word' id='word_1_105' title='bbox 672 1652 908 1722; x_wconf 87' lang='lat' dir='ltr'><strong>executoribus,</strong></span> <span class='ocrx_word' id='word_1_106' title='bbox 934 1652 1049 1732; x_wconf 88' lang='lat' dir='ltr'><strong>quibus</strong></span> <span class='ocrx_word' id='word_1_107' title='bbox 1074 1653 1252 1712; x_wconf 87' lang='lat' dir='ltr'><strong>committo.</strong></span> <span class='ocrx_word' id='word_1_108' title='bbox 1285 1653 1366 1712; x_wconf 80' lang='lat' dir='ltr'><strong>lieni</strong></span> <span class='ocrx_word' id='word_1_109' title='bbox 1391 1651 1528 1714; x_wconf 88' lang='lat' dir='ltr'><strong>heredes</strong></span> <span class='ocrx_word' id='word_1_110' title='bbox 1553 1654 1593 1713; x_wconf 92' lang='lat' dir='ltr'><strong>de</strong></span> <span class='ocrx_word' id='word_1_111' title='bbox 1619 1653 1819 1732; x_wconf 90' lang='lat' dir='ltr'><strong>Borovycze:</strong></span> <span class='ocrx_word' id='word_1_112' title='bbox 1854 1653 2010 1714; x_wconf 88' lang='lat' dir='ltr'><strong>Martinus</strong></span> 
     </span>
     <span class='ocr_line' id='line_1_11' title="bbox 458 1757 2010 1839; baseline -0.001 -19"><span class='ocrx_word' id='word_1_113' title='bbox 458 1759 610 1839; x_wconf 87' lang='lat' dir='ltr'><strong>Losznya</strong></span> <span class='ocrx_word' id='word_1_114' title='bbox 634 1760 742 1820; x_wconf 89' lang='lat' dir='ltr'><strong>etalii</strong></span> <span class='ocrx_word' id='word_1_115' title='bbox 768 1757 883 1819; x_wconf 80' lang='lat' dir='ltr'><strong>fratres</strong></span> <span class='ocrx_word' id='word_1_116' title='bbox 907 1760 975 1820; x_wconf 86' lang='lat' dir='ltr'><strong>eins</strong></span> <span class='ocrx_word' id='word_1_117' title='bbox 1000 1771 1150 1820; x_wconf 90' lang='lat' dir='ltr'><strong>tenentur</strong></span> <span class='ocrx_word' id='word_1_118' title='bbox 1175 1759 1269 1819; x_wconf 91' lang='lat' dir='ltr'><strong>michi</strong></span> <span class='ocrx_word' id='word_1_119' title='bbox 1294 1761 1326 1820; x_wconf 93' lang='lat' dir='ltr'>X</span> <span class='ocrx_word' id='word_1_120' title='bbox 1342 1757 1408 1820; x_wconf 89' lang='lat' dir='ltr'><strong>flor.</strong></span> <span class='ocrx_word' id='word_1_121' title='bbox 1434 1761 1464 1820; x_wconf 93' lang='lat' dir='ltr'><strong>in</strong></span> <span class='ocrx_word' id='word_1_122' title='bbox 1491 1781 1570 1820; x_wconf 88' lang='lat' dir='ltr'><strong>auro</strong></span> <span class='ocrx_word' id='word_1_123' title='bbox 1594 1760 1669 1820; x_wconf 92' lang='lat' dir='ltr'><strong>boni</strong></span> <span class='ocrx_word' id='word_1_124' title='bbox 1696 1760 1849 1838; x_wconf 88' lang='lat' dir='ltr'><strong>ponderis</strong></span> <span class='ocrx_word' id='word_1_125' title='bbox 1874 1779 1932 1838; x_wconf 94' lang='lat' dir='ltr'><strong>pro</strong></span> <span class='ocrx_word' id='word_1_126' title='bbox 1957 1779 2010 1839; x_wconf 88' lang='lat' dir='ltr'><strong>pa·</strong></span> 
     </span>
     <span class='ocr_line' id='line_1_12' title="bbox 457 1863 2010 1948; baseline -0.001 -21"><span class='ocrx_word' id='word_1_127' title='bbox 457 1876 531 1927; x_wconf 92' lang='lat' dir='ltr'><strong>truo</strong></span> <span class='ocrx_word' id='word_1_128' title='bbox 556 1887 614 1927; x_wconf 89' lang='lat' dir='ltr'><strong>sno</strong></span> <span class='ocrx_word' id='word_1_129' title='bbox 647 1866 766 1926; x_wconf 87' lang='lat' dir='ltr'><strong>Iacobo</strong></span> <span class='ocrx_word' id='word_1_130' title='bbox 799 1863 874 1925; x_wconf 91' lang='lat' dir='ltr'><strong>olim</strong></span> <span class='ocrx_word' id='word_1_131' title='bbox 900 1865 1040 1944; x_wconf 76' lang='lat' dir='ltr'><strong>plebano</strong></span> <span class='ocrx_word' id='word_1_132' title='bbox 1072 1866 1101 1925; x_wconf 92' lang='lat' dir='ltr'><strong>in</strong></span> <span class='ocrx_word' id='word_1_133' title='bbox 1127 1863 1329 1936; x_wconf 79' lang='lat' dir='ltr'><strong>Sreroczecz,</strong></span> <span class='ocrx_word' id='word_1_134' title='bbox 1366 1887 1448 1946; x_wconf 85' lang='lat' dir='ltr'><strong>qnos</strong></span> <span class='ocrx_word' id='word_1_135' title='bbox 1481 1869 1549 1947; x_wconf 85' lang='lat' dir='ltr'><strong>ipse</strong></span> <span class='ocrx_word' id='word_1_136' title='bbox 1581 1879 1749 1948; x_wconf 86' lang='lat' dir='ltr'><strong>receperat</strong></span> <span class='ocrx_word' id='word_1_137' title='bbox 1783 1867 1869 1946; x_wconf 90' lang='lat' dir='ltr'><strong>apud</strong></span> <span class='ocrx_word' id='word_1_138' title='bbox 1895 1885 1946 1926; x_wconf 92' lang='lat' dir='ltr'><strong>me</strong></span> <span class='ocrx_word' id='word_1_139' title='bbox 1971 1866 2010 1926; x_wconf 90' lang='lat' dir='ltr'><strong>ad</strong></span> 
     </span>
     <span class='ocr_line' id='line_1_13' title="bbox 459 1969 2011 2058; baseline -0.001 -24"><span class='ocrx_word' id='word_1_140' title='bbox 459 1974 674 2035; x_wconf 85' lang='lat' dir='ltr'><strong>exemendnm</strong></span> <span class='ocrx_word' id='word_1_141' title='bbox 701 1971 914 2033; x_wconf 85' lang='lat' dir='ltr'><strong>hereditatem</strong></span> <span class='ocrx_word' id='word_1_142' title='bbox 940 1972 1026 2034; x_wconf 81' lang='lat' dir='ltr'><strong>dicte</strong></span> <span class='ocrx_word' id='word_1_143' title='bbox 1051 1974 1084 2048; x_wconf 76' lang='lat' dir='ltr'><strong>[s]</strong></span> <span class='ocrx_word' id='word_1_144' title='bbox 1110 1971 1233 2052; x_wconf 78' lang='lat' dir='ltr'><strong>Wlolry</strong></span> <span class='ocrx_word' id='word_1_145' title='bbox 1258 1973 1375 2032; x_wconf 89' lang='lat' dir='ltr'><strong>ibidem</strong></span> <span class='ocrx_word' id='word_1_146' title='bbox 1402 1973 1432 2032; x_wconf 94' lang='lat' dir='ltr'><strong>in</strong></span> <span class='ocrx_word' id='word_1_147' title='bbox 1457 1973 1637 2034; x_wconf 85' lang='lat' dir='ltr'><strong>hereditate</strong></span> <span class='ocrx_word' id='word_1_148' title='bbox 1664 1994 1718 2033; x_wconf 91' lang='lat' dir='ltr'><strong>sua</strong></span> <span class='ocrx_word' id='word_1_149' title='bbox 1745 1985 1778 2035; x_wconf 89' lang='lat' dir='ltr'><strong>et</strong></span> <span class='ocrx_word' id='word_1_150' title='bbox 1803 1993 1867 2033; x_wconf 93' lang='lat' dir='ltr'><strong>non</strong></span> <span class='ocrx_word' id='word_1_151' title='bbox 1892 1969 2011 2058; x_wconf 72' lang='lat' dir='ltr'><strong>slolvit]</strong></span> 
     </span>
     <span class='ocr_line' id='line_1_14' title="bbox 460 2077 2012 2160; baseline -0.002 -19"><span class='ocrx_word' id='word_1_152' title='bbox 460 2079 553 2141; x_wconf 88' lang='lat' dir='ltr'><strong>michi</strong></span> <span class='ocrx_word' id='word_1_153' title='bbox 578 2077 682 2140; x_wconf 91' lang='lat' dir='ltr'><strong>solum</strong></span> <span class='ocrx_word' id='word_1_154' title='bbox 707 2077 768 2138; x_wconf 92' lang='lat' dir='ltr'><strong>XL</strong></span> <span class='ocrx_word' id='word_1_155' title='bbox 794 2079 912 2139; x_wconf 90' lang='lat' dir='ltr'><strong>choros</strong></span> <span class='ocrx_word' id='word_1_156' title='bbox 935 2079 1076 2157; x_wconf 77' lang='lat' dir='ltr'><strong>siliginis,</strong></span> <span class='ocrx_word' id='word_1_157' title='bbox 1100 2099 1198 2158; x_wconf 91' lang='lat' dir='ltr'><strong>super</strong></span> <span class='ocrx_word' id='word_1_158' title='bbox 1222 2080 1284 2140; x_wconf 92' lang='lat' dir='ltr'><strong>hoc</strong></span> <span class='ocrx_word' id='word_1_159' title='bbox 1308 2091 1411 2142; x_wconf 89' lang='lat' dir='ltr'><strong>testes</strong></span> <span class='ocrx_word' id='word_1_160' title='bbox 1437 2093 1510 2142; x_wconf 90' lang='lat' dir='ltr'><strong>sunt</strong></span> <span class='ocrx_word' id='word_1_161' title='bbox 1538 2081 1606 2152; x_wconf 88' lang='lat' dir='ltr'><strong>vivi,</strong></span> <span class='ocrx_word' id='word_1_162' title='bbox 1632 2081 1763 2160; x_wconf 90' lang='lat' dir='ltr'><strong>quando</strong></span> <span class='ocrx_word' id='word_1_163' title='bbox 1787 2081 1847 2141; x_wconf 91' lang='lat' dir='ltr'><strong>sibi</strong></span> <span class='ocrx_word' id='word_1_164' title='bbox 1872 2099 2012 2142; x_wconf 90' lang='lat' dir='ltr'><strong>commu-</strong></span> 
     </span>
     <span class='ocr_line' id='line_1_15' title="bbox 461 2183 2013 2266; baseline 0.001 -21"><span class='ocrx_word' id='word_1_165' title='bbox 461 2189 643 2248; x_wconf 70' lang='lat' dir='ltr'><strong>nicavit...</strong></span> <span class='ocrx_word' id='word_1_166' title='bbox 675 2183 856 2246; x_wconf 84' lang='lat' dir='ltr'><strong>Stanislaus</strong></span> <span class='ocrx_word' id='word_1_167' title='bbox 889 2187 1049 2266; x_wconf 77' lang='lat' dir='ltr'><strong>presbiter</strong></span> <span class='ocrx_word' id='word_1_168' title='bbox 1080 2195 1120 2245; x_wconf 85' lang='lat' dir='ltr'><strong>de</strong></span> <span class='ocrx_word' id='word_1_169' title='bbox 1146 2185 1273 2264; x_wconf 82' lang='lat' dir='ltr'><strong>Pathlry</strong></span> <span class='ocrx_word' id='word_1_170' title='bbox 1305 2197 1337 2246; x_wconf 91' lang='lat' dir='ltr'><strong>et</strong></span> <span class='ocrx_word' id='word_1_171' title='bbox 1364 2187 1515 2247; x_wconf 84' lang='lat' dir='ltr'><strong>Andreas</strong></span> <span class='ocrx_word' id='word_1_172' title='bbox 1541 2186 1721 2266; x_wconf 83' lang='lat' dir='ltr'><strong>Volunslry‚</strong></span> <span class='ocrx_word' id='word_1_173' title='bbox 1755 2205 1863 2246; x_wconf 90' lang='lat' dir='ltr'><strong>coram</strong></span> <span class='ocrx_word' id='word_1_174' title='bbox 1898 2187 2013 2266; x_wconf 84' lang='lat' dir='ltr'><strong>quibus</strong></span> 
     </span>
     <span class='ocr_line' id='line_1_16' title="bbox 462 2289 2014 2376; baseline 0.001 -23"><span class='ocrx_word' id='word_1_175' title='bbox 462 2295 720 2372; x_wconf 77' lang='lat' dir='ltr'><strong>recognicionem</strong></span> <span class='ocrx_word' id='word_1_176' title='bbox 745 2292 830 2366; x_wconf 82' lang='lat' dir='ltr'><strong>lecit,</strong></span> <span class='ocrx_word' id='word_1_177' title='bbox 863 2289 974 2376; x_wconf 61' lang='lat' dir='ltr'><strong>[quod]</strong></span> <span class='ocrx_word' id='word_1_178' title='bbox 1000 2293 1111 2353; x_wconf 91' lang='lat' dir='ltr'><strong>volunt</strong></span> <span class='ocrx_word' id='word_1_179' title='bbox 1136 2293 1347 2354; x_wconf 86' lang='lat' dir='ltr'><strong>amicabiliter</strong></span> <span class='ocrx_word' id='word_1_180' title='bbox 1371 2313 1569 2375; x_wconf 90' lang='lat' dir='ltr'><strong>componere</strong></span> <span class='ocrx_word' id='word_1_181' title='bbox 1600 2315 1673 2355; x_wconf 92' lang='lat' dir='ltr'><strong>cum</strong></span> <span class='ocrx_word' id='word_1_182' title='bbox 1700 2295 1787 2353; x_wconf 89' lang='lat' dir='ltr'><strong>bono</strong></span> <span class='ocrx_word' id='word_1_183' title='bbox 1812 2315 1891 2364; x_wconf 81' lang='lat' dir='ltr'><strong>esse,</strong></span> <span class='ocrx_word' id='word_1_184' title='bbox 1923 2313 2014 2371; x_wconf 92' lang='lat' dir='ltr'><strong>repo·</strong></span> 
     </span>
     <span class='ocr_line' id='line_1_17' title="bbox 462 2395 2014 2484; baseline 0 -24"><span class='ocrx_word' id='word_1_185' title='bbox 462 2412 540 2461; x_wconf 89' lang='lat' dir='ltr'><strong>nant</strong></span> <span class='ocrx_word' id='word_1_186' title='bbox 565 2401 707 2460; x_wconf 81' lang='lat' dir='ltr'><strong>inedium</strong></span> <span class='ocrx_word' id='word_1_187' title='bbox 732 2419 791 2480; x_wconf 90' lang='lat' dir='ltr'><strong>pro</strong></span> <span class='ocrx_word' id='word_1_188' title='bbox 817 2402 1006 2462; x_wconf 90' lang='lat' dir='ltr'><strong>necessariis</strong></span> <span class='ocrx_word' id='word_1_189' title='bbox 1030 2400 1139 2461; x_wconf 90' lang='lat' dir='ltr'><strong>altaris</strong></span> <span class='ocrx_word' id='word_1_190' title='bbox 1164 2401 1194 2460; x_wconf 92' lang='lat' dir='ltr'><strong>in</strong></span> <span class='ocrx_word' id='word_1_191' title='bbox 1220 2395 1411 2484; x_wconf 86' lang='lat' dir='ltr'><strong>V[arszova]</strong></span> <span class='ocrx_word' id='word_1_192' title='bbox 1436 2401 1476 2460; x_wconf 88' lang='lat' dir='ltr'><strong>ad</strong></span> <span class='ocrx_word' id='word_1_193' title='bbox 1501 2401 1600 2462; x_wconf 90' lang='lat' dir='ltr'><strong>dnum</strong></span> <span class='ocrx_word' id='word_1_194' title='bbox 1625 2401 1792 2462; x_wconf 88' lang='lat' dir='ltr'><strong>decanum.</strong></span> <span class='ocrx_word' id='word_1_195' title='bbox 1826 2400 1906 2462; x_wconf 91' lang='lat' dir='ltr'><strong>ltem</strong></span> <span class='ocrx_word' id='word_1_196' title='bbox 1932 2402 2014 2462; x_wconf 89' lang='lat' dir='ltr'><strong>dnus</strong></span> 
     </span>
     <span class='ocr_line' id='line_1_18' title="bbox 462 2503 2015 2588; baseline -0.001 -22"><span class='ocrx_word' id='word_1_197' title='bbox 462 2507 727 2588; x_wconf 83' lang='lat' dir='ltr'><strong>Warszovyczky</strong></span> <span class='ocrx_word' id='word_1_198' title='bbox 751 2515 880 2567; x_wconf 88' lang='lat' dir='ltr'><strong>tenetur</strong></span> <span class='ocrx_word' id='word_1_199' title='bbox 905 2506 999 2566; x_wconf 87' lang='lat' dir='ltr'><strong>michi</strong></span> <span class='ocrx_word' id='word_1_200' title='bbox 1024 2505 1050 2565; x_wconf 97' lang='lat' dir='ltr'><strong>ll</strong></span> <span class='ocrx_word' id='word_1_201' title='bbox 1077 2507 1143 2567; x_wconf 87' lang='lat' dir='ltr'><strong>flor.</strong></span> <span class='ocrx_word' id='word_1_202' title='bbox 1168 2509 1198 2568; x_wconf 94' lang='lat' dir='ltr'><strong>in</strong></span> <span class='ocrx_word' id='word_1_203' title='bbox 1225 2527 1303 2568; x_wconf 86' lang='lat' dir='ltr'><strong>auro</strong></span> <span class='ocrx_word' id='word_1_204' title='bbox 1328 2529 1387 2586; x_wconf 92' lang='lat' dir='ltr'><strong>pro</strong></span> <span class='ocrx_word' id='word_1_205' title='bbox 1411 2507 1478 2569; x_wconf 89' lang='lat' dir='ltr'><strong>dno</strong></span> <span class='ocrx_word' id='word_1_206' title='bbox 1502 2507 1622 2570; x_wconf 90' lang='lat' dir='ltr'><strong>Iacobo</strong></span> <span class='ocrx_word' id='word_1_207' title='bbox 1648 2521 1764 2586; x_wconf 90' lang='lat' dir='ltr'><strong>patruo</strong></span> <span class='ocrx_word' id='word_1_208' title='bbox 1788 2527 1914 2570; x_wconf 81' lang='lat' dir='ltr'><strong>suo...</strong></span> <span class='ocrx_word' id='word_1_209' title='bbox 1938 2503 2015 2567; x_wconf 88' lang='lat' dir='ltr'><strong>alias</strong></span> 
     </span>
     <span class='ocr_line' id='line_1_19' title="bbox 463 2611 2013 2695; baseline 0 -21"><span class='ocrx_word' id='word_1_210' title='bbox 463 2612 696 2692; x_wconf 88' lang='lat' dir='ltr'><strong>Zaborowsky,</strong></span> <span class='ocrx_word' id='word_1_211' title='bbox 728 2624 760 2673; x_wconf 91' lang='lat' dir='ltr'><strong>et</strong></span> <span class='ocrx_word' id='word_1_212' title='bbox 785 2614 824 2672; x_wconf 92' lang='lat' dir='ltr'><strong>de</strong></span> <span class='ocrx_word' id='word_1_213' title='bbox 848 2614 912 2674; x_wconf 91' lang='lat' dir='ltr'><strong>isto</strong></span> <span class='ocrx_word' id='word_1_214' title='bbox 936 2615 996 2674; x_wconf 92' lang='lat' dir='ltr'><strong>scit</strong></span> <span class='ocrx_word' id='word_1_215' title='bbox 1021 2611 1163 2693; x_wconf 91' lang='lat' dir='ltr'><strong>Philipus</strong></span> <span class='ocrx_word' id='word_1_216' title='bbox 1187 2614 1227 2674; x_wconf 90' lang='lat' dir='ltr'><strong>de</strong></span> <span class='ocrx_word' id='word_1_217' title='bbox 1253 2615 1355 2694; x_wconf 87' lang='lat' dir='ltr'><strong>Cosly</strong></span> <span class='ocrx_word' id='word_1_218' title='bbox 1379 2627 1411 2674; x_wconf 91' lang='lat' dir='ltr'><strong>et</strong></span> <span class='ocrx_word' id='word_1_219' title='bbox 1436 2613 1615 2676; x_wconf 84' lang='lat' dir='ltr'><strong>Stanislaus</strong></span> <span class='ocrx_word' id='word_1_220' title='bbox 1640 2615 1682 2676; x_wconf 93' lang='lat' dir='ltr'><strong>de</strong></span> <span class='ocrx_word' id='word_1_221' title='bbox 1705 2615 1924 2695; x_wconf 87' lang='lat' dir='ltr'><strong>Umyasthow</strong></span> <span class='ocrx_word' id='word_1_222' title='bbox 1952 2612 2013 2674; x_wconf 88' lang='lat' dir='ltr'><strong>Vo-</strong></span> 
     </span>
     <span class='ocr_line' id='line_1_20' title="bbox 464 2719 2014 2802; baseline 0 -22"><span class='ocrx_word' id='word_1_223' title='bbox 464 2719 622 2798; x_wconf 74' lang='lat' dir='ltr'><strong>gloscz...</strong></span> <span class='ocrx_word' id='word_1_224' title='bbox 648 2730 680 2780; x_wconf 92' lang='lat' dir='ltr'><strong>et</strong></span> <span class='ocrx_word' id='word_1_225' title='bbox 705 2719 800 2779; x_wconf 89' lang='lat' dir='ltr'><strong>alium</strong></span> <span class='ocrx_word' id='word_1_226' title='bbox 826 2719 970 2780; x_wconf 89' lang='lat' dir='ltr'><strong>debitum</strong></span> <span class='ocrx_word' id='word_1_227' title='bbox 997 2729 1126 2780; x_wconf 88' lang='lat' dir='ltr'><strong>tenetur</strong></span> <span class='ocrx_word' id='word_1_228' title='bbox 1150 2721 1236 2782; x_wconf 91' lang='lat' dir='ltr'><strong>dicto</strong></span> <span class='ocrx_word' id='word_1_229' title='bbox 1261 2720 1336 2780; x_wconf 87' lang='lat' dir='ltr'><strong>olim</strong></span> <span class='ocrx_word' id='word_1_230' title='bbox 1362 2720 1449 2781; x_wconf 86' lang='lat' dir='ltr'><strong>fratri</strong></span> <span class='ocrx_word' id='word_1_231' title='bbox 1475 2741 1549 2780; x_wconf 91' lang='lat' dir='ltr'><strong>meo</strong></span> <span class='ocrx_word' id='word_1_232' title='bbox 1574 2719 1722 2799; x_wconf 77' lang='lat' dir='ltr'><strong>Myklasz</strong></span> <span class='ocrx_word' id='word_1_233' title='bbox 1739 2719 1779 2783; x_wconf 88' lang='lat' dir='ltr'><strong>de</strong></span> <span class='ocrx_word' id='word_1_234' title='bbox 1797 2719 2014 2802; x_wconf 84' lang='lat' dir='ltr'><strong>Lythphania‚</strong></span> 
     </span>
     <span class='ocr_line' id='line_1_21' title="bbox 464 2820 2015 2910; baseline 0.001 -24"><span class='ocrx_word' id='word_1_235' title='bbox 464 2837 560 2906; x_wconf 91' lang='lat' dir='ltr'><strong>prout</strong></span> <span class='ocrx_word' id='word_1_236' title='bbox 585 2825 683 2886; x_wconf 90' lang='lat' dir='ltr'><strong>lacins</strong></span> <span class='ocrx_word' id='word_1_237' title='bbox 706 2825 843 2886; x_wconf 86' lang='lat' dir='ltr'><strong>habetur</strong></span> <span class='ocrx_word' id='word_1_238' title='bbox 868 2820 922 2910; x_wconf 81' lang='lat' dir='ltr'><strong>[in]</strong></span> <span class='ocrx_word' id='word_1_239' title='bbox 948 2835 1094 2904; x_wconf 78' lang='lat' dir='ltr'><strong>regestro</strong></span> <span class='ocrx_word' id='word_1_240' title='bbox 1120 2847 1179 2886; x_wconf 90' lang='lat' dir='ltr'><strong>suo</strong></span> <span class='ocrx_word' id='word_1_241' title='bbox 1203 2847 1259 2887; x_wconf 85' lang='lat' dir='ltr'><strong>seu</strong></span> <span class='ocrx_word' id='word_1_242' title='bbox 1283 2829 1438 2888; x_wconf 88' lang='lat' dir='ltr'><strong>memoria</strong></span> <span class='ocrx_word' id='word_1_243' title='bbox 1462 2829 1524 2888; x_wconf 91' lang='lat' dir='ltr'><strong>mei</strong></span> <span class='ocrx_word' id='word_1_244' title='bbox 1551 2825 1656 2888; x_wconf 78' lang='lat' dir='ltr'><strong>fratris</strong></span> <span class='ocrx_word' id='word_1_245' title='bbox 1680 2828 1732 2888; x_wconf 90' lang='lat' dir='ltr'><strong>dni</strong></span> <span class='ocrx_word' id='word_1_246' title='bbox 1759 2825 1910 2908; x_wconf 87' lang='lat' dir='ltr'><strong>Nyklasz.</strong></span> <span class='ocrx_word' id='word_1_247' title='bbox 1936 2826 2015 2888; x_wconf 90' lang='lat' dir='ltr'><strong>Item</strong></span> 
     </span>
     <span class='ocr_line' id='line_1_22' title="bbox 464 2931 2017 3013; baseline -0.001 -19"><span class='ocrx_word' id='word_1_248' title='bbox 464 2934 590 2994; x_wconf 89' lang='lat' dir='ltr'><strong>nobiles</strong></span> <span class='ocrx_word' id='word_1_249' title='bbox 614 2933 666 2992; x_wconf 91' lang='lat' dir='ltr'><strong>dni</strong></span> <span class='ocrx_word' id='word_1_250' title='bbox 691 2931 905 3012; x_wconf 77' lang='lat' dir='ltr'><strong>Szobyenslry</strong></span> <span class='ocrx_word' id='word_1_251' title='bbox 931 2933 1078 2994; x_wconf 85' lang='lat' dir='ltr'><strong>videlicet</strong></span> <span class='ocrx_word' id='word_1_252' title='bbox 1099 2932 1327 3012; x_wconf 59' lang='lat' dir='ltr'><strong>paratomon</strong></span> <span class='ocrx_word' id='word_1_253' title='bbox 1351 2935 1425 2994; x_wconf 89' lang='lat' dir='ltr'><strong>olim</strong></span> <span class='ocrx_word' id='word_1_254' title='bbox 1443 2953 1579 2994; x_wconf 90' lang='lat' dir='ltr'><strong>unacum</strong></span> <span class='ocrx_word' id='word_1_255' title='bbox 1604 2933 1723 2994; x_wconf 87' lang='lat' dir='ltr'><strong>Iacobo</strong></span> <span class='ocrx_word' id='word_1_256' title='bbox 1748 2932 1844 2994; x_wconf 83' lang='lat' dir='ltr'><strong>fratre</strong></span> <span class='ocrx_word' id='word_1_257' title='bbox 1861 2935 2017 3013; x_wconf 82' lang='lat' dir='ltr'><strong>magistro</strong></span> 
     </span>
     <span class='ocr_line' id='line_1_23' title="bbox 465 3037 2017 3121; baseline 0 -21"><span class='ocrx_word' id='word_1_258' title='bbox 465 3037 625 3121; x_wconf 75' lang='lat' dir='ltr'><strong>coqluine]</strong></span> <span class='ocrx_word' id='word_1_259' title='bbox 660 3051 810 3100; x_wconf 87' lang='lat' dir='ltr'><strong>tenentur</strong></span> <span class='ocrx_word' id='word_1_260' title='bbox 842 3037 928 3100; x_wconf 81' lang='lat' dir='ltr'><strong>fratri</strong></span> <span class='ocrx_word' id='word_1_261' title='bbox 961 3059 1035 3100; x_wconf 91' lang='lat' dir='ltr'><strong>meo</strong></span> <span class='ocrx_word' id='word_1_262' title='bbox 1067 3039 1212 3120; x_wconf 88' lang='lat' dir='ltr'><strong>Nyldasz</strong></span> <span class='ocrx_word' id='word_1_263' title='bbox 1244 3060 1304 3119; x_wconf 93' lang='lat' dir='ltr'><strong>pro</strong></span> <span class='ocrx_word' id='word_1_264' title='bbox 1329 3038 1448 3120; x_wconf 86' lang='lat' dir='ltr'><strong>palceis</strong></span> <span class='ocrx_word' id='word_1_265' title='bbox 1482 3040 1619 3119; x_wconf 88' lang='lat' dir='ltr'><strong>vulpinis</strong></span> <span class='ocrx_word' id='word_1_266' title='bbox 1651 3050 1684 3102; x_wconf 88' lang='lat' dir='ltr'><strong>et</strong></span> <span class='ocrx_word' id='word_1_267' title='bbox 1708 3040 1784 3106; x_wconf 82' lang='lat' dir='ltr'><strong>aliis,</strong></span> <span class='ocrx_word' id='word_1_268' title='bbox 1817 3052 1850 3101; x_wconf 90' lang='lat' dir='ltr'><strong>ut</strong></span> <span class='ocrx_word' id='word_1_269' title='bbox 1874 3041 1936 3121; x_wconf 89' lang='lat' dir='ltr'><strong>ipsi</strong></span> <span class='ocrx_word' id='word_1_270' title='bbox 1959 3041 2017 3100; x_wconf 89' lang='lat' dir='ltr'><strong>soli</strong></span> 
     </span>
     <span class='ocr_line' id='line_1_24' title="bbox 467 3141 2018 3231; baseline -0.001 -23"><span class='ocrx_word' id='word_1_271' title='bbox 467 3148 581 3208; x_wconf 90' lang='lat' dir='ltr'><strong>melius</strong></span> <span class='ocrx_word' id='word_1_272' title='bbox 605 3148 711 3206; x_wconf 89' lang='lat' dir='ltr'><strong>sciunt</strong></span> <span class='ocrx_word' id='word_1_273' title='bbox 736 3155 768 3207; x_wconf 92' lang='lat' dir='ltr'><strong>et</strong></span> <span class='ocrx_word' id='word_1_274' title='bbox 792 3156 827 3206; x_wconf 92' lang='lat' dir='ltr'><strong>ut</strong></span> <span class='ocrx_word' id='word_1_275' title='bbox 852 3147 883 3204; x_wconf 94' lang='lat' dir='ltr'><strong>in</strong></span> <span class='ocrx_word' id='word_1_276' title='bbox 910 3141 1085 3231; x_wconf 79' lang='lat' dir='ltr'><strong>[regestro]</strong></span> <span class='ocrx_word' id='word_1_277' title='bbox 1119 3146 1224 3207; x_wconf 86' lang='lat' dir='ltr'><strong>fratris</strong></span> <span class='ocrx_word' id='word_1_278' title='bbox 1248 3149 1311 3207; x_wconf 92' lang='lat' dir='ltr'><strong>mei</strong></span> <span class='ocrx_word' id='word_1_279' title='bbox 1338 3148 1435 3208; x_wconf 88' lang='lat' dir='ltr'><strong>lacius</strong></span> <span class='ocrx_word' id='word_1_280' title='bbox 1460 3149 1651 3222; x_wconf 84' lang='lat' dir='ltr'><strong>continetur,</strong></span> <span class='ocrx_word' id='word_1_281' title='bbox 1685 3148 1710 3206; x_wconf 86' lang='lat' dir='ltr'><strong>si</strong></span> <span class='ocrx_word' id='word_1_282' title='bbox 1735 3146 1847 3208; x_wconf 90' lang='lat' dir='ltr'><strong>volunt</strong></span> <span class='ocrx_word' id='word_1_283' title='bbox 1871 3147 2018 3208; x_wconf 90' lang='lat' dir='ltr'><strong>amicabi-</strong></span> 
     </span>
     <span class='ocr_line' id='line_1_25' title="bbox 466 3252 2018 3332; baseline 0 -18"><span class='ocrx_word' id='word_1_284' title='bbox 466 3255 537 3315; x_wconf 91' lang='lat' dir='ltr'><strong>liter</strong></span> <span class='ocrx_word' id='word_1_285' title='bbox 561 3271 769 3332; x_wconf 84' lang='lat' dir='ltr'><strong>componere,</strong></span> <span class='ocrx_word' id='word_1_286' title='bbox 801 3252 863 3313; x_wconf 91' lang='lat' dir='ltr'><strong>hoc</strong></span> <span class='ocrx_word' id='word_1_287' title='bbox 888 3255 1056 3314; x_wconf 88' lang='lat' dir='ltr'><strong>committo</strong></span> <span class='ocrx_word' id='word_1_288' title='bbox 1082 3253 1311 3315; x_wconf 85' lang='lat' dir='ltr'><strong>executoribus</strong></span> <span class='ocrx_word' id='word_1_289' title='bbox 1335 3255 1415 3315; x_wconf 92' lang='lat' dir='ltr'><strong>meis</strong></span> <span class='ocrx_word' id='word_1_290' title='bbox 1424 3302 1498 3314; x_wconf 92' lang='grc'>.....</span> <span class='ocrx_word' id='word_1_291' title='bbox 1524 3273 1595 3314; x_wconf 92' lang='lat' dir='ltr'><strong>curn</strong></span> <span class='ocrx_word' id='word_1_292' title='bbox 1621 3254 1668 3314; x_wconf 91' lang='lat' dir='ltr'><strong>eis</strong></span> <span class='ocrx_word' id='word_1_293' title='bbox 1692 3273 1899 3332; x_wconf 87' lang='lat' dir='ltr'><strong>componere.</strong></span> <span class='ocrx_word' id='word_1_294' title='bbox 1938 3253 2018 3314; x_wconf 88' lang='lat' dir='ltr'><strong>Item</strong></span> 
     </span>
     <span class='ocr_line' id='line_1_26' title="bbox 467 3357 2019 3440; baseline -0.001 -19"><span class='ocrx_word' id='word_1_295' title='bbox 467 3359 592 3421; x_wconf 87' lang='lat' dir='ltr'><strong>nobiles</strong></span> <span class='ocrx_word' id='word_1_296' title='bbox 618 3357 667 3420; x_wconf 86' lang='lat' dir='ltr'><strong>filii</strong></span> <span class='ocrx_word' id='word_1_297' title='bbox 693 3359 769 3420; x_wconf 90' lang='lat' dir='ltr'><strong>dicti</strong></span> <span class='ocrx_word' id='word_1_298' title='bbox 796 3359 870 3420; x_wconf 92' lang='lat' dir='ltr'><strong>olim</strong></span> <span class='ocrx_word' id='word_1_299' title='bbox 890 3359 1119 3439; x_wconf 78' lang='lat' dir='ltr'><strong>Warszewslry</strong></span> <span class='ocrx_word' id='word_1_300' title='bbox 1146 3381 1204 3439; x_wconf 93' lang='lat' dir='ltr'><strong>pro</strong></span> <span class='ocrx_word' id='word_1_301' title='bbox 1221 3373 1313 3440; x_wconf 90' lang='lat' dir='ltr'><strong>patre</strong></span> <span class='ocrx_word' id='word_1_302' title='bbox 1339 3381 1398 3422; x_wconf 93' lang='lat' dir='ltr'><strong>suo</strong></span> <span class='ocrx_word' id='word_1_303' title='bbox 1416 3371 1566 3421; x_wconf 88' lang='lat' dir='ltr'><strong>tenentur</strong></span> <span class='ocrx_word' id='word_1_304' title='bbox 1589 3361 1734 3422; x_wconf 88' lang='lat' dir='ltr'><strong>debitum</strong></span> <span class='ocrx_word' id='word_1_305' title='bbox 1760 3379 1819 3440; x_wconf 89' lang='lat' dir='ltr'><strong>pro</strong></span> <span class='ocrx_word' id='word_1_306' title='bbox 1835 3359 1863 3421; x_wconf 94' lang='lat' dir='ltr'><strong>Il</strong></span> <span class='ocrx_word' id='word_1_307' title='bbox 1889 3361 2019 3420; x_wconf 88' lang='lat' dir='ltr'><strong>tecturis</strong></span> 
     </span>
     <span class='ocr_line' id='line_1_27' title="bbox 469 3465 2019 3552; baseline 0.001 -24"><span class='ocrx_word' id='word_1_308' title='bbox 469 3465 568 3552; x_wconf 78' lang='lat' dir='ltr'><strong>[alias]</strong></span> <span class='ocrx_word' id='word_1_309' title='bbox 587 3465 764 3542; x_wconf 75' lang='lat' dir='ltr'><strong>nnmvotlry,</strong></span> <span class='ocrx_word' id='word_1_310' title='bbox 782 3469 833 3546; x_wconf 91' lang='lat' dir='ltr'><strong>qni</strong></span> <span class='ocrx_word' id='word_1_311' title='bbox 853 3468 1010 3528; x_wconf 86' lang='lat' dir='ltr'><strong>taxabant</strong></span> <span class='ocrx_word' id='word_1_312' title='bbox 1027 3466 1090 3528; x_wconf 90' lang='lat' dir='ltr'><strong>XX</strong></span> <span class='ocrx_word' id='word_1_313' title='bbox 1108 3467 1174 3528; x_wconf 76' lang='lat' dir='ltr'><strong>flor,</strong></span> <span class='ocrx_word' id='word_1_314' title='bbox 1193 3478 1225 3528; x_wconf 84' lang='lat' dir='ltr'><strong>et</strong></span> <span class='ocrx_word' id='word_1_315' title='bbox 1240 3487 1298 3546; x_wconf 95' lang='lat' dir='ltr'><strong>pro</strong></span> <span class='ocrx_word' id='word_1_316' title='bbox 1315 3487 1399 3546; x_wconf 81' lang='lat' dir='ltr'><strong>equo</strong></span> <span class='ocrx_word' id='word_1_317' title='bbox 1414 3469 1482 3528; x_wconf 81' lang='lat' dir='ltr'><strong>sivi</strong></span> <span class='ocrx_word' id='word_1_318' title='bbox 1495 3467 1609 3538; x_wconf 87' lang='lat' dir='ltr'><strong>noch0,</strong></span> <span class='ocrx_word' id='word_1_319' title='bbox 1628 3487 1723 3546; x_wconf 92' lang='lat' dir='ltr'><strong>quem</strong></span> <span class='ocrx_word' id='word_1_320' title='bbox 1741 3465 1828 3546; x_wconf 91' lang='lat' dir='ltr'><strong>apud</strong></span> <span class='ocrx_word' id='word_1_321' title='bbox 1845 3487 1916 3527; x_wconf 90' lang='lat' dir='ltr'><strong>eum</strong></span> <span class='ocrx_word' id='word_1_322' title='bbox 1935 3469 2019 3530; x_wconf 77' lang='lat' dir='ltr'><strong>emit,</strong></span> 
     </span>
     <span class='ocr_line' id='line_1_28' title="bbox 469 3571 2020 3654; baseline 0.001 -21"><span class='ocrx_word' id='word_1_323' title='bbox 469 3574 599 3654; x_wconf 90' lang='lat' dir='ltr'><strong>quando</strong></span> <span class='ocrx_word' id='word_1_324' title='bbox 624 3593 760 3633; x_wconf 86' lang='lat' dir='ltr'><strong>cum...</strong></span> <span class='ocrx_word' id='word_1_325' title='bbox 786 3573 826 3633; x_wconf 91' lang='lat' dir='ltr'><strong>ad</strong></span> <span class='ocrx_word' id='word_1_326' title='bbox 844 3571 962 3633; x_wconf 91' lang='lat' dir='ltr'><strong>bellum</strong></span> <span class='ocrx_word' id='word_1_327' title='bbox 987 3577 1189 3651; x_wconf 87' lang='lat' dir='ltr'><strong>equitaverat</strong></span> <span class='ocrx_word' id='word_1_328' title='bbox 1214 3594 1273 3653; x_wconf 94' lang='lat' dir='ltr'><strong>pro</strong></span> <span class='ocrx_word' id='word_1_329' title='bbox 1290 3573 1352 3634; x_wconf 95' lang='lat' dir='ltr'><strong>Xll</strong></span> <span class='ocrx_word' id='word_1_330' title='bbox 1377 3577 1551 3654; x_wconf 80' lang='lat' dir='ltr'><strong>sexagenis</strong></span> <span class='ocrx_word' id='word_1_331' title='bbox 1576 3587 1608 3635; x_wconf 88' lang='lat' dir='ltr'><strong>et</strong></span> <span class='ocrx_word' id='word_1_332' title='bbox 1633 3574 1771 3653; x_wconf 62' lang='lat' dir='ltr'><strong>rencs-lup,</strong></span> <span class='ocrx_word' id='word_1_333' title='bbox 1797 3593 1892 3653; x_wconf 91' lang='lat' dir='ltr'><strong>quern</strong></span> <span class='ocrx_word' id='word_1_334' title='bbox 1910 3575 2020 3635; x_wconf 84' lang='lat' dir='ltr'><strong>habuit</strong></span> 
     </span>
     <span class='ocr_line' id='line_1_29' title="bbox 468 3675 2020 3764; baseline -0.001 -21"><span class='ocrx_word' id='word_1_335' title='bbox 468 3701 579 3760; x_wconf 83' lang='lat' dir='ltr'><strong>arege</strong></span> <span class='ocrx_word' id='word_1_336' title='bbox 596 3681 728 3740; x_wconf 92' lang='lat' dir='ltr'><strong>Polonie</strong></span> <span class='ocrx_word' id='word_1_337' title='bbox 753 3689 787 3740; x_wconf 92' lang='lat' dir='ltr'><strong>et</strong></span> <span class='ocrx_word' id='word_1_338' title='bbox 804 3702 822 3738; x_wconf 87' lang='lat' dir='ltr'><strong>a</strong></span> <span class='ocrx_word' id='word_1_339' title='bbox 840 3675 941 3764; x_wconf 63' lang='lat' dir='ltr'><strong>reigo]</strong></span> <span class='ocrx_word' id='word_1_340' title='bbox 959 3679 1115 3741; x_wconf 88' lang='lat' dir='ltr'><strong>Bohemie</strong></span> <span class='ocrx_word' id='word_1_341' title='bbox 1132 3679 1278 3760; x_wconf 82' lang='lat' dir='ltr'><strong>Vyrzylr,</strong></span> <span class='ocrx_word' id='word_1_342' title='bbox 1304 3693 1455 3742; x_wconf 88' lang='lat' dir='ltr'><strong>tenentur</strong></span> <span class='ocrx_word' id='word_1_343' title='bbox 1479 3681 1572 3741; x_wconf 78' lang='lat' dir='ltr'><strong>michi</strong></span> <span class='ocrx_word' id='word_1_344' title='bbox 1598 3681 1664 3742; x_wconf 92' lang='lat' dir='ltr'><strong>XX</strong></span> <span class='ocrx_word' id='word_1_345' title='bbox 1687 3681 1754 3755; x_wconf 79' lang='lat' dir='ltr'><strong>flor.</strong></span> <span class='ocrx_word' id='word_1_346' title='bbox 1779 3691 1812 3741; x_wconf 88' lang='lat' dir='ltr'><strong>ct</strong></span> <span class='ocrx_word' id='word_1_347' title='bbox 1832 3681 1901 3752; x_wconf 87' lang='lat' dir='ltr'><strong>alia,</strong></span> <span class='ocrx_word' id='word_1_348' title='bbox 1926 3689 2020 3760; x_wconf 89' lang='lat' dir='ltr'><strong>prout</strong></span> 
     </span>
     <span class='ocr_line' id='line_1_30' title="bbox 469 3785 2020 3849; baseline -0.001 -1"><span class='ocrx_word' id='word_1_349' title='bbox 469 3788 629 3849; x_wconf 87' lang='lat' dir='ltr'><strong>habentur</strong></span> <span class='ocrx_word' id='word_1_350' title='bbox 653 3789 683 3846; x_wconf 93' lang='lat' dir='ltr'><strong>in</strong></span> <span class='ocrx_word' id='word_1_351' title='bbox 710 3787 864 3847; x_wconf 89' lang='lat' dir='ltr'><strong>memoria</strong></span> <span class='ocrx_word' id='word_1_352' title='bbox 888 3788 1062 3848; x_wconf 88' lang='lat' dir='ltr'><strong>testatoris.</strong></span> <span class='ocrx_word' id='word_1_353' title='bbox 1096 3788 1177 3848; x_wconf 88' lang='lat' dir='ltr'><strong>Item</strong></span> <span class='ocrx_word' id='word_1_354' title='bbox 1203 3785 1358 3849; x_wconf 89' lang='lat' dir='ltr'><strong>Silvester</strong></span> <span class='ocrx_word' id='word_1_355' title='bbox 1384 3787 1641 3849; x_wconf 80' lang='lat' dir='ltr'><strong>Warsroviensis</strong></span> <span class='ocrx_word' id='word_1_356' title='bbox 1665 3789 1743 3848; x_wconf 88' lang='lat' dir='ltr'><strong>civis</strong></span> <span class='ocrx_word' id='word_1_357' title='bbox 1775 3806 1901 3848; x_wconf 86' lang='lat' dir='ltr'><strong>necnon</strong></span> <span class='ocrx_word' id='word_1_358' title='bbox 1926 3787 2020 3848; x_wconf 90' lang='lat' dir='ltr'><strong>heres</strong></span> 
     </span>
     <span class='ocr_line' id='line_1_31' title="bbox 468 3891 2020 3974; baseline -0.002 -19"><span class='ocrx_word' id='word_1_359' title='bbox 468 3897 498 3955; x_wconf 93' lang='lat' dir='ltr'><strong>in</strong></span> <span class='ocrx_word' id='word_1_360' title='bbox 524 3892 649 3973; x_wconf 87' lang='lat' dir='ltr'><strong>Slopno</strong></span> <span class='ocrx_word' id='word_1_361' title='bbox 681 3905 809 3954; x_wconf 89' lang='lat' dir='ltr'><strong>tenetur</strong></span> <span class='ocrx_word' id='word_1_362' title='bbox 841 3894 935 3953; x_wconf 89' lang='lat' dir='ltr'><strong>michi</strong></span> <span class='ocrx_word' id='word_1_363' title='bbox 968 3891 999 3954; x_wconf 96' lang='lat' dir='ltr'>X</span> <span class='ocrx_word' id='word_1_364' title='bbox 1024 3893 1088 3954; x_wconf 85' lang='lat' dir='ltr'><strong>llor.</strong></span> <span class='ocrx_word' id='word_1_365' title='bbox 1114 3913 1174 3973; x_wconf 92' lang='lat' dir='ltr'><strong>pro</strong></span> <span class='ocrx_word' id='word_1_366' title='bbox 1198 3894 1400 3956; x_wconf 89' lang='lat' dir='ltr'><strong>ambulatore</strong></span> <span class='ocrx_word' id='word_1_367' title='bbox 1431 3913 1538 3970; x_wconf 77' lang='lat' dir='ltr'><strong>saynv,</strong></span> <span class='ocrx_word' id='word_1_368' title='bbox 1570 3913 1665 3974; x_wconf 88' lang='lat' dir='ltr'><strong>quem</strong></span> <span class='ocrx_word' id='word_1_369' title='bbox 1699 3893 1786 3973; x_wconf 92' lang='lat' dir='ltr'><strong>apud</strong></span> <span class='ocrx_word' id='word_1_370' title='bbox 1810 3912 1862 3954; x_wconf 87' lang='lat' dir='ltr'><strong>me</strong></span> <span class='ocrx_word' id='word_1_371' title='bbox 1897 3901 2020 3953; x_wconf 88' lang='lat' dir='ltr'><strong>emerat</strong></span> 
     </span>
     <span class='ocr_line' id='line_1_32' title="bbox 469 3995 2021 4078; baseline -0.003 -17"><span class='ocrx_word' id='word_1_372' title='bbox 469 3999 543 4062; x_wconf 90' lang='lat' dir='ltr'><strong>olim</strong></span> <span class='ocrx_word' id='word_1_373' title='bbox 568 3998 726 4061; x_wconf 90' lang='lat' dir='ltr'><strong>Olbracht</strong></span> <span class='ocrx_word' id='word_1_374' title='bbox 758 4010 791 4060; x_wconf 92' lang='lat' dir='ltr'><strong>et</strong></span> <span class='ocrx_word' id='word_1_375' title='bbox 816 4019 879 4060; x_wconf 92' lang='lat' dir='ltr'><strong>non</strong></span> <span class='ocrx_word' id='word_1_376' title='bbox 905 3997 979 4059; x_wconf 88' lang='lat' dir='ltr'><strong>fecit</strong></span> <span class='ocrx_word' id='word_1_377' title='bbox 1005 4001 1098 4060; x_wconf 91' lang='lat' dir='ltr'><strong>michi</strong></span> <span class='ocrx_word' id='word_1_378' title='bbox 1124 3997 1323 4061; x_wconf 90' lang='lat' dir='ltr'><strong>solucionem</strong></span> <span class='ocrx_word' id='word_1_379' title='bbox 1357 4020 1416 4078; x_wconf 91' lang='lat' dir='ltr'><strong>pro</strong></span> <span class='ocrx_word' id='word_1_380' title='bbox 1440 4000 1528 4061; x_wconf 90' lang='lat' dir='ltr'><strong>dicto</strong></span> <span class='ocrx_word' id='word_1_381' title='bbox 1553 4001 1755 4061; x_wconf 86' lang='lat' dir='ltr'><strong>ambulatore</strong></span> <span class='ocrx_word' id='word_1_382' title='bbox 1779 4009 1812 4060; x_wconf 91' lang='lat' dir='ltr'><strong>et</strong></span> <span class='ocrx_word' id='word_1_383' title='bbox 1836 4001 1941 4060; x_wconf 90' lang='lat' dir='ltr'><strong>dictus</strong></span> <span class='ocrx_word' id='word_1_384' title='bbox 1965 3995 2021 4059; x_wconf 87' lang='lat' dir='ltr'><strong>Sil·</strong></span> 
     </span>
     <span class='ocr_line' id='line_1_33' title="bbox 469 4106 2021 4188; baseline -0.003 -19"><span class='ocrx_word' id='word_1_385' title='bbox 469 4117 577 4169; x_wconf 87' lang='lat' dir='ltr'><strong>vester</strong></span> <span class='ocrx_word' id='word_1_386' title='bbox 601 4109 754 4168; x_wconf 89' lang='lat' dir='ltr'><strong>remansit</strong></span> <span class='ocrx_word' id='word_1_387' title='bbox 786 4110 816 4166; x_wconf 92' lang='lat' dir='ltr'><strong>in</strong></span> <span class='ocrx_word' id='word_1_388' title='bbox 842 4107 990 4167; x_wconf 91' lang='lat' dir='ltr'><strong>omnibus</strong></span> <span class='ocrx_word' id='word_1_389' title='bbox 1015 4108 1108 4168; x_wconf 91' lang='lat' dir='ltr'><strong>bonis</strong></span> <span class='ocrx_word' id='word_1_390' title='bbox 1133 4109 1200 4166; x_wconf 88' lang='lat' dir='ltr'><strong>eius</strong></span> <span class='ocrx_word' id='word_1_391' title='bbox 1226 4121 1259 4168; x_wconf 93' lang='lat' dir='ltr'><strong>et</strong></span> <span class='ocrx_word' id='word_1_392' title='bbox 1283 4107 1431 4188; x_wconf 90' lang='lat' dir='ltr'><strong>possidet</strong></span> <span class='ocrx_word' id='word_1_393' title='bbox 1461 4119 1527 4168; x_wconf 87' lang='lat' dir='ltr'><strong>tarn</strong></span> <span class='ocrx_word' id='word_1_394' title='bbox 1553 4111 1584 4167; x_wconf 96' lang='lat' dir='ltr'><strong>in</strong></span> <span class='ocrx_word' id='word_1_395' title='bbox 1609 4109 1747 4172; x_wconf 88' lang='lat' dir='ltr'><strong>civitate.</strong></span> <span class='ocrx_word' id='word_1_396' title='bbox 1781 4126 1877 4186; x_wconf 89' lang='lat' dir='ltr'><strong>quarn</strong></span> <span class='ocrx_word' id='word_1_397' title='bbox 1903 4106 2021 4168; x_wconf 81' lang='lat' dir='ltr'><strong>heredi·</strong></span> 
     </span>
     <span class='ocr_line' id='line_1_34' title="bbox 470 4211 2021 4298; baseline -0.001 -24"><span class='ocrx_word' id='word_1_398' title='bbox 470 4226 538 4276; x_wconf 87' lang='lat' dir='ltr'><strong>tate</strong></span> <span class='ocrx_word' id='word_1_399' title='bbox 563 4211 836 4298; x_wconf 70' lang='lat' dir='ltr'><strong>[Umyasthowol.</strong></span> <span class='ocrx_word' id='word_1_400' title='bbox 876 4213 955 4275; x_wconf 89' lang='lat' dir='ltr'><strong>ltem</strong></span> <span class='ocrx_word' id='word_1_401' title='bbox 993 4215 1067 4292; x_wconf 84' lang='lat' dir='ltr'><strong>lego</strong></span> <span class='ocrx_word' id='word_1_402' title='bbox 1099 4215 1333 4276; x_wconf 89' lang='lat' dir='ltr'><strong>catheliconem</strong></span> <span class='ocrx_word' id='word_1_403' title='bbox 1366 4215 1406 4275; x_wconf 90' lang='lat' dir='ltr'><strong>ad</strong></span> <span class='ocrx_word' id='word_1_404' title='bbox 1432 4235 1538 4276; x_wconf 91' lang='lat' dir='ltr'><strong>meum</strong></span> <span class='ocrx_word' id='word_1_405' title='bbox 1571 4215 1671 4276; x_wconf 87' lang='lat' dir='ltr'><strong>altare</strong></span> <span class='ocrx_word' id='word_1_406' title='bbox 1703 4217 1731 4272; x_wconf 92' lang='lat' dir='ltr'><strong>in</strong></span> <span class='ocrx_word' id='word_1_407' title='bbox 1758 4213 1955 4280; x_wconf 89' lang='lat' dir='ltr'><strong>Warszowa,</strong></span> <span class='ocrx_word' id='word_1_408' title='bbox 1988 4224 2021 4272; x_wconf 93' lang='lat' dir='ltr'><strong>ut</strong></span> 
     </span>
     <span class='ocr_line' id='line_1_35' title="bbox 470 4319 2022 4402; baseline -0.003 -20"><span class='ocrx_word' id='word_1_409' title='bbox 470 4321 588 4382; x_wconf 91' lang='lat' dir='ltr'><strong>ibidem</strong></span> <span class='ocrx_word' id='word_1_410' title='bbox 613 4319 794 4400; x_wconf 87' lang='lat' dir='ltr'><strong>applicatur</strong></span> <span class='ocrx_word' id='word_1_411' title='bbox 819 4341 878 4399; x_wconf 88' lang='lat' dir='ltr'><strong>pro</strong></span> <span class='ocrx_word' id='word_1_412' title='bbox 895 4321 1128 4381; x_wconf 74' lang='lat' dir='ltr'><strong>informacione</strong></span> <span class='ocrx_word' id='word_1_413' title='bbox 1153 4320 1389 4402; x_wconf 84' lang='lat' dir='ltr'><strong>stud[encium].</strong></span> <span class='ocrx_word' id='word_1_414' title='bbox 1417 4321 1459 4382; x_wconf 87' lang='lat' dir='ltr'><strong>Et</strong></span> <span class='ocrx_word' id='word_1_415' title='bbox 1483 4321 1523 4382; x_wconf 91' lang='lat' dir='ltr'><strong>de</strong></span> <span class='ocrx_word' id='word_1_416' title='bbox 1541 4323 1610 4381; x_wconf 89' lang='lat' dir='ltr'><strong>aliis</strong></span> <span class='ocrx_word' id='word_1_417' title='bbox 1626 4321 1775 4381; x_wconf 90' lang='lat' dir='ltr'><strong>omnibus</strong></span> <span class='ocrx_word' id='word_1_418' title='bbox 1792 4319 1909 4381; x_wconf 88' lang='lat' dir='ltr'><strong>debitis</strong></span> <span class='ocrx_word' id='word_1_419' title='bbox 1926 4338 2022 4399; x_wconf 88' lang='lat' dir='ltr'><strong>supra</strong></span> 
     </span>
     <span class='ocr_line' id='line_1_36' title="bbox 471 4427 2022 4509; baseline -0.003 -21"><span class='ocrx_word' id='word_1_420' title='bbox 471 4429 585 4509; x_wconf 89' lang='lat' dir='ltr'><strong>legatis</strong></span> <span class='ocrx_word' id='word_1_421' title='bbox 617 4438 649 4488; x_wconf 91' lang='lat' dir='ltr'><strong>et</strong></span> <span class='ocrx_word' id='word_1_422' title='bbox 680 4427 809 4506; x_wconf 91' lang='lat' dir='ltr'><strong>scriptis</strong></span> <span class='ocrx_word' id='word_1_423' title='bbox 842 4428 1011 4488; x_wconf 90' lang='lat' dir='ltr'><strong>committo</strong></span> <span class='ocrx_word' id='word_1_424' title='bbox 1045 4427 1280 4494; x_wconf 71' lang='lat' dir='ltr'><strong>executoribus¹</strong></span> <span class='ocrx_word' id='word_1_425' title='bbox 1314 4441 1347 4487; x_wconf 92' lang='lat' dir='ltr'><strong>ut</strong></span> <span class='ocrx_word' id='word_1_426' title='bbox 1381 4428 1557 4506; x_wconf 87' lang='lat' dir='ltr'><strong>disponant</strong></span> <span class='ocrx_word' id='word_1_427' title='bbox 1585 4441 1617 4488; x_wconf 91' lang='lat' dir='ltr'><strong>et</strong></span> <span class='ocrx_word' id='word_1_428' title='bbox 1649 4427 1799 4487; x_wconf 88' lang='lat' dir='ltr'><strong>ordinent</strong></span> <span class='ocrx_word' id='word_1_429' title='bbox 1834 4445 1893 4504; x_wconf 90' lang='lat' dir='ltr'><strong>pro</strong></span> <span class='ocrx_word' id='word_1_430' title='bbox 1917 4428 2022 4487; x_wconf 87' lang='lat' dir='ltr'><strong>anima</strong></span> 
     </span>
     <span class='ocr_line' id='line_1_37' title="bbox 471 4529 2022 4616; baseline -0.003 -21"><span class='ocrx_word' id='word_1_431' title='bbox 471 4533 545 4595; x_wconf 93' lang='lat' dir='ltr'><strong>olim</strong></span> <span class='ocrx_word' id='word_1_432' title='bbox 571 4533 677 4594; x_wconf 85' lang='lat' dir='ltr'><strong>fratris</strong></span> <span class='ocrx_word' id='word_1_433' title='bbox 701 4533 763 4593; x_wconf 92' lang='lat' dir='ltr'><strong>mei</strong></span> <span class='ocrx_word' id='word_1_434' title='bbox 788 4532 932 4613; x_wconf 80' lang='lat' dir='ltr'><strong>Nylrlasz</strong></span> <span class='ocrx_word' id='word_1_435' title='bbox 957 4545 989 4593; x_wconf 88' lang='lat' dir='ltr'><strong>et</strong></span> <span class='ocrx_word' id='word_1_436' title='bbox 1013 4534 1181 4594; x_wconf 87' lang='lat' dir='ltr'><strong>animabus</strong></span> <span class='ocrx_word' id='word_1_437' title='bbox 1207 4545 1374 4611; x_wconf 87' lang='lat' dir='ltr'><strong>parentum</strong></span> <span class='ocrx_word' id='word_1_438' title='bbox 1401 4553 1556 4612; x_wconf 82' lang='lat' dir='ltr'><strong>meorum,</strong></span> <span class='ocrx_word' id='word_1_439' title='bbox 1580 4545 1612 4594; x_wconf 85' lang='lat' dir='ltr'><strong>et</strong></span> <span class='ocrx_word' id='word_1_440' title='bbox 1636 4533 1698 4594; x_wconf 91' lang='lat' dir='ltr'><strong>hoe</strong></span> <span class='ocrx_word' id='word_1_441' title='bbox 1723 4529 1828 4616; x_wconf 76' lang='lat' dir='ltr'><strong>saleio]</strong></span> <span class='ocrx_word' id='word_1_442' title='bbox 1854 4553 1925 4592; x_wconf 90' lang='lat' dir='ltr'><strong>cnm</strong></span> <span class='ocrx_word' id='word_1_443' title='bbox 1951 4551 2022 4592; x_wconf 90' lang='lat' dir='ltr'><strong>con·</strong></span> 
     </span>
     <span class='ocr_line' id='line_1_38' title="bbox 471 4639 1559 4718; baseline -0.004 -17"><span class='ocrx_word' id='word_1_444' title='bbox 471 4643 541 4702; x_wconf 91' lang='lat' dir='ltr'><strong>silio</strong></span> <span class='ocrx_word' id='word_1_445' title='bbox 566 4641 726 4700; x_wconf 92' lang='lat' dir='ltr'><strong>bonorum</strong></span> <span class='ocrx_word' id='word_1_446' title='bbox 752 4651 879 4718; x_wconf 89' lang='lat' dir='ltr'><strong>patrum</strong></span> <span class='ocrx_word' id='word_1_447' title='bbox 906 4651 937 4700; x_wconf 89' lang='lat' dir='ltr'><strong>et</strong></span> <span class='ocrx_word' id='word_1_448' title='bbox 963 4639 1096 4702; x_wconf 88' lang='lat' dir='ltr'><strong>aliorum</strong></span> <span class='ocrx_word' id='word_1_449' title='bbox 1123 4641 1280 4702; x_wconf 90' lang='lat' dir='ltr'><strong>bonorum</strong></span> <span class='ocrx_word' id='word_1_450' title='bbox 1307 4641 1472 4700; x_wconf 90' lang='lat' dir='ltr'><strong>hominurn</strong></span> <span class='ocrx_word' id='word_1_451' title='bbox 1499 4650 1559 4701; x_wconf 90' lang='lat' dir='ltr'><strong>etc.</strong></span> 
     </span>
    </p>

    <p class='ocr_par' dir='ltr' id='par_1_4' title="bbox 471 4745 2023 5149">
     <span class='ocr_line' id='line_1_39' title="bbox 579 4745 2022 4828; baseline -0.001 -22"><span class='ocrx_word' id='word_1_452' title='bbox 579 4747 650 4826; x_wconf 82' lang='lat' dir='ltr'><strong>Ego</strong></span> <span class='ocrx_word' id='word_1_453' title='bbox 675 4745 811 4807; x_wconf 91' lang='lat' dir='ltr'><strong>lacobus</strong></span> <span class='ocrx_word' id='word_1_454' title='bbox 835 4746 876 4808; x_wconf 89' lang='lat' dir='ltr'><strong>de</strong></span> <span class='ocrx_word' id='word_1_455' title='bbox 902 4747 1070 4828; x_wconf 89' lang='lat' dir='ltr'><strong>Granycze</strong></span> <span class='ocrx_word' id='word_1_456' title='bbox 1095 4748 1253 4827; x_wconf 87' lang='lat' dir='ltr'><strong>plebanus</strong></span> <span class='ocrx_word' id='word_1_457' title='bbox 1283 4749 1312 4807; x_wconf 94' lang='lat' dir='ltr'><strong>in</strong></span> <span class='ocrx_word' id='word_1_458' title='bbox 1339 4746 1521 4808; x_wconf 85' lang='lat' dir='ltr'><strong>Clambovo</strong></span> <span class='ocrx_word' id='word_1_459' title='bbox 1545 4747 1608 4807; x_wconf 91' lang='lat' dir='ltr'><strong>hoc</strong></span> <span class='ocrx_word' id='word_1_460' title='bbox 1633 4765 1768 4825; x_wconf 89' lang='lat' dir='ltr'><strong>presens</strong></span> <span class='ocrx_word' id='word_1_461' title='bbox 1793 4757 2022 4808; x_wconf 88' lang='lat' dir='ltr'><strong>testamentum</strong></span> 
     </span>
     <span class='ocr_line' id='line_1_40' title="bbox 471 4851 2023 4932; baseline -0.004 -16"><span class='ocrx_word' id='word_1_462' title='bbox 471 4875 528 4916; x_wconf 90' lang='lat' dir='ltr'><strong>seu</strong></span> <span class='ocrx_word' id='word_1_463' title='bbox 552 4851 697 4914; x_wconf 90' lang='lat' dir='ltr'><strong>ultimam</strong></span> <span class='ocrx_word' id='word_1_464' title='bbox 725 4853 924 4915; x_wconf 88' lang='lat' dir='ltr'><strong>voluntatem</strong></span> <span class='ocrx_word' id='word_1_465' title='bbox 950 4853 1075 4914; x_wconf 83' lang='lat' dir='ltr'><strong>confeci</strong></span> <span class='ocrx_word' id='word_1_466' title='bbox 1109 4853 1256 4932; x_wconf 90' lang='lat' dir='ltr'><strong>quamvis</strong></span> <span class='ocrx_word' id='word_1_467' title='bbox 1280 4873 1375 4913; x_wconf 90' lang='lat' dir='ltr'><strong>manu</strong></span> <span class='ocrx_word' id='word_1_468' title='bbox 1400 4853 1539 4926; x_wconf 86' lang='lat' dir='ltr'><strong>alterius,</strong></span> <span class='ocrx_word' id='word_1_469' title='bbox 1571 4863 1680 4913; x_wconf 91' lang='lat' dir='ltr'><strong>tamen</strong></span> <span class='ocrx_word' id='word_1_470' title='bbox 1704 4865 1859 4932; x_wconf 88' lang='lat' dir='ltr'><strong>tanquam</strong></span> <span class='ocrx_word' id='word_1_471' title='bbox 1886 4853 2023 4932; x_wconf 84' lang='lat' dir='ltr'><strong>propria,</strong></span> 
     </span>
     <span class='ocr_line' id='line_1_41' title="bbox 472 4957 2023 5044; baseline -0.003 -23"><span class='ocrx_word' id='word_1_472' title='bbox 472 4973 505 5022; x_wconf 92' lang='lat' dir='ltr'><strong>et</strong></span> <span class='ocrx_word' id='word_1_473' title='bbox 522 4973 627 5020; x_wconf 91' lang='lat' dir='ltr'><strong>ratum</strong></span> <span class='ocrx_word' id='word_1_474' title='bbox 651 4959 841 5039; x_wconf 87' lang='lat' dir='ltr'><strong>firmumque</strong></span> <span class='ocrx_word' id='word_1_475' title='bbox 859 4959 925 5020; x_wconf 85' lang='lat' dir='ltr'><strong>lieri</strong></span> <span class='ocrx_word' id='word_1_476' title='bbox 942 4971 975 5020; x_wconf 92' lang='lat' dir='ltr'><strong>et</strong></span> <span class='ocrx_word' id='word_1_477' title='bbox 992 4960 1094 5021; x_wconf 90' lang='lat' dir='ltr'><strong>teneri</strong></span> <span class='ocrx_word' id='word_1_478' title='bbox 1111 4958 1194 5020; x_wconf 93' lang='lat' dir='ltr'><strong>vol0.</strong></span> <span class='ocrx_word' id='word_1_479' title='bbox 1220 4959 1254 5019; x_wconf 94' lang='lat' dir='ltr'><strong>ln</strong></span> <span class='ocrx_word' id='word_1_480' title='bbox 1272 4961 1361 5020; x_wconf 91' lang='lat' dir='ltr'><strong>cuius</strong></span> <span class='ocrx_word' id='word_1_481' title='bbox 1379 4957 1447 5044; x_wconf 78' lang='lat' dir='ltr'><strong>[rei]</strong></span> <span class='ocrx_word' id='word_1_482' title='bbox 1465 4961 1685 5021; x_wconf 88' lang='lat' dir='ltr'><strong>testiinonium</strong></span> <span class='ocrx_word' id='word_1_483' title='bbox 1713 4961 1844 5040; x_wconf 86' lang='lat' dir='ltr'><strong>propria</strong></span> <span class='ocrx_word' id='word_1_484' title='bbox 1860 4979 1956 5020; x_wconf 89' lang='lat' dir='ltr'><strong>manu</strong></span> <span class='ocrx_word' id='word_1_485' title='bbox 1973 4977 2023 5018; x_wconf 90' lang='lat' dir='ltr'><strong>me</strong></span> 
     </span>
     <span class='ocr_line' id='line_1_42' title="bbox 472 5065 2023 5149; baseline -0.001 -22"><span class='ocrx_word' id='word_1_486' title='bbox 472 5066 647 5146; x_wconf 86' lang='lat' dir='ltr'><strong>subscripsi</strong></span> <span class='ocrx_word' id='word_1_487' title='bbox 672 5077 704 5127; x_wconf 89' lang='lat' dir='ltr'><strong>et</strong></span> <span class='ocrx_word' id='word_1_488' title='bbox 721 5067 850 5146; x_wconf 91' lang='lat' dir='ltr'><strong>insuper</strong></span> <span class='ocrx_word' id='word_1_489' title='bbox 875 5067 979 5146; x_wconf 85' lang='lat' dir='ltr'><strong>sigillo</strong></span> <span class='ocrx_word' id='word_1_490' title='bbox 1004 5066 1138 5147; x_wconf 83' lang='lat' dir='ltr'><strong>sigillavi</strong></span> <span class='ocrx_word' id='word_1_491' title='bbox 1162 5077 1195 5128; x_wconf 91' lang='lat' dir='ltr'><strong>et</strong></span> <span class='ocrx_word' id='word_1_492' title='bbox 1220 5067 1378 5128; x_wconf 91' lang='lat' dir='ltr'><strong>roboravi.</strong></span> <span class='ocrx_word' id='word_1_493' title='bbox 1403 5068 1503 5128; x_wconf 83' lang='lat' dir='ltr'><strong>Anno</strong></span> <span class='ocrx_word' id='word_1_494' title='bbox 1530 5065 1592 5149; x_wconf 90' lang='lat' dir='ltr'><strong>[die</strong></span> <span class='ocrx_word' id='word_1_495' title='bbox 1610 5066 1653 5148; x_wconf 81' lang='lat' dir='ltr'><strong>et}</strong></span> <span class='ocrx_word' id='word_1_496' title='bbox 1678 5066 1759 5142; x_wconf 84' lang='lat' dir='ltr'><strong>l0c0‚</strong></span> <span class='ocrx_word' id='word_1_497' title='bbox 1786 5067 1902 5146; x_wconf 90' lang='lat' dir='ltr'><strong>quibus</strong></span> <span class='ocrx_word' id='word_1_498' title='bbox 1919 5086 2023 5145; x_wconf 89' lang='lat' dir='ltr'><strong>supra.</strong></span> 
     </span>
    </p>
   </div>
   <div class='ocr_carea' id='block_1_4' title="bbox 687 5257 1457 5340">
    <p class='ocr_par' dir='ltr' id='par_1_5' title="bbox 687 5257 1457 5340">
     <span class='ocr_line' id='line_1_43' title="bbox 687 5257 1457 5340; baseline 0.001 -22"><span class='ocrx_word' id='word_1_499' title='bbox 687 5258 727 5320; x_wconf 88' lang='lat' dir='ltr'><strong>A.</strong></span> <span class='ocrx_word' id='word_1_500' title='bbox 760 5259 848 5339; x_wconf 81' lang='lat'>1506,</span> <span class='ocrx_word' id='word_1_501' title='bbox 874 5257 1027 5321; x_wconf 90' lang='lat' dir='ltr'><strong>Octobris</strong></span> <span class='ocrx_word' id='word_1_502' title='bbox 1052 5276 1080 5326; x_wconf 88' lang='lat'><strong>2.</strong></span> <span class='ocrx_word' id='word_1_503' title='bbox 1105 5261 1135 5320; x_wconf 93' lang='lat' dir='ltr'><strong>in</strong></span> <span class='ocrx_word' id='word_1_504' title='bbox 1161 5263 1247 5320; x_wconf 90' lang='lat' dir='ltr'><strong>curia</strong></span> <span class='ocrx_word' id='word_1_505' title='bbox 1272 5261 1457 5340; x_wconf 88' lang='lat' dir='ltr'><strong>episcopali.</strong></span> 
     </span>
    </p>
   </div>
   <div class='ocr_carea' id='block_1_5' title="bbox 473 5379 2023 5570">
    <p class='ocr_par' dir='ltr' id='par_1_6' title="bbox 473 5379 2023 5570">
     <span class='ocr_line' id='line_1_44' title="bbox 581 5379 2023 5465; baseline -0.001 -19"><span class='ocrx_word' id='word_1_506' title='bbox 581 5379 671 5447; x_wconf 83' lang='grc'><strong>250.</strong></span> <span class='ocrx_word' id='word_1_507' title='bbox 695 5382 793 5464; x_wconf 85' lang='lat' dir='ltr'><strong>(Acta</strong></span> <span class='ocrx_word' id='word_1_508' title='bbox 810 5385 907 5463; x_wconf 88' lang='lat' dir='ltr'><strong>episc.</strong></span> <span class='ocrx_word' id='word_1_509' title='bbox 925 5383 1008 5460; x_wconf 76' lang='grc'>11)..</span> <span class='ocrx_word' id='word_1_510' title='bbox 1033 5383 1067 5444; x_wconf 93' lang='lat' dir='ltr'><strong>ln</strong></span> <span class='ocrx_word' id='word_1_511' title='bbox 1085 5403 1182 5444; x_wconf 89' lang='lat' dir='ltr'><strong>causa</strong></span> <span class='ocrx_word' id='word_1_512' title='bbox 1198 5383 1311 5444; x_wconf 92' lang='lat' dir='ltr'><strong>honor.</strong></span> <span class='ocrx_word' id='word_1_513' title='bbox 1337 5385 1390 5446; x_wconf 91' lang='lat' dir='ltr'><strong>dni</strong></span> <span class='ocrx_word' id='word_1_514' title='bbox 1407 5385 1547 5465; x_wconf 84' lang='lat' dir='ltr'><strong>Navogii</strong></span> <span class='ocrx_word' id='word_1_515' title='bbox 1563 5383 1710 5446; x_wconf 80' lang='lat' dir='ltr'><strong>Costhlra</strong></span> <span class='ocrx_word' id='word_1_516' title='bbox 1728 5397 1839 5446; x_wconf 85' lang='lat' dir='ltr'><strong>contra</strong></span> <span class='ocrx_word' id='word_1_517' title='bbox 1856 5383 2023 5446; x_wconf 83' lang='lat' dir='ltr'><strong>Andream</strong></span> 
     </span>
     <span class='ocr_line' id='line_1_45' title="bbox 473 5489 1877 5570; baseline 0.001 -18"><span class='ocrx_word' id='word_1_518' title='bbox 473 5490 515 5552; x_wconf 92' lang='lat' dir='ltr'><strong>de</strong></span> <span class='ocrx_word' id='word_1_519' title='bbox 539 5489 675 5570; x_wconf 82' lang='lat' dir='ltr'><strong>Glynky</strong></span> <span class='ocrx_word' id='word_1_520' title='bbox 699 5491 837 5551; x_wconf 90' lang='lat' dir='ltr'><strong>condam</strong></span> <span class='ocrx_word' id='word_1_521' title='bbox 862 5491 1138 5552; x_wconf 89' lang='lat' dir='ltr'><strong>commendarium</strong></span> <span class='ocrx_word' id='word_1_522' title='bbox 1163 5493 1194 5551; x_wconf 90' lang='lat' dir='ltr'><strong>in</strong></span> <span class='ocrx_word' id='word_1_523' title='bbox 1220 5491 1464 5552; x_wconf 85' lang='lat' dir='ltr'><strong>Wansehosche</strong></span> <span class='ocrx_word' id='word_1_524' title='bbox 1490 5503 1663 5554; x_wconf 75' lang='lat' dir='ltr'><strong>testes.</strong></span> <span class='ocrx_word' id='word_1_525' title='bbox 1689 5495 1877 5554; x_wconf 85' lang='lat' dir='ltr'><strong>examinati:</strong></span> 
     </span>
    </p>
   </div>
   <div class='ocr_carea' id='block_1_6' title="bbox 584 5717 1878 5784">
    <p class='ocr_par' dir='ltr' id='par_1_7' title="bbox 584 5717 1878 5784">
     <span class='ocr_line' id='line_1_46' title="bbox 584 5717 1878 5784; baseline 0.002 -20"><span class='ocrx_word' id='word_1_526' title='bbox 584 5717 600 5779; x_wconf 88' lang='grc' dir='ltr'><strong>ι)</strong></span> <span class='ocrx_word' id='word_1_527' title='bbox 620 5717 793 5782; x_wconf 81' lang='lat' dir='ltr'><strong>Opuszczenia</strong></span> <span class='ocrx_word' id='word_1_528' title='bbox 811 5719 906 5782; x_wconf 79' lang='lat' dir='ltr'><strong>aostaly</strong></span> <span class='ocrx_word' id='word_1_529' title='bbox 925 5719 1123 5784; x_wconf 82' lang='lat' dir='ltr'><strong>spowodowaue</strong></span> <span class='ocrx_word' id='word_1_530' title='bbox 1142 5735 1213 5782; x_wconf 79' lang='lat' dir='ltr'><strong>przez</strong></span> <span class='ocrx_word' id='word_1_531' title='bbox 1232 5719 1344 5784; x_wconf 68' lang='lat' dir='ltr'><strong>obciecie</strong></span> <span class='ocrx_word' id='word_1_532' title='bbox 1364 5721 1493 5783; x_wconf 82' lang='lat' dir='ltr'><strong>bocznego</strong></span> <span class='ocrx_word' id='word_1_533' title='bbox 1513 5721 1658 5782; x_wconf 83' lang='lat' dir='ltr'><strong>marginesu</strong></span> <span class='ocrx_word' id='word_1_534' title='bbox 1676 5719 1733 5768; x_wconf 82' lang='lat' dir='ltr'><strong>ksrt</strong></span> <span class='ocrx_word' id='word_1_535' title='bbox 1751 5721 1878 5784; x_wconf 71' lang='lat' dir='ltr'><strong>reliopisu.</strong></span> 
     </span>
    </p>
   </div>
   <div class='ocr_carea' id='block_1_7' title="bbox 0 0 2264 6674">
    <p class='ocr_par' dir='ltr' id='par_1_8' title="bbox 0 0 2264 6674">
     <span class='ocr_line' id='line_1_47' title="bbox 0 0 2264 6674; baseline 0 0"><span class='ocrx_word' id='word_1_536' title='bbox 0 0 2264 6674; x_wconf 95' lang='lat' dir='ltr'><strong> </strong></span> 
     </span>
    </p>
   </div>
  </div>
 </body>
</html>
