4392 6672
811 675 987 724 auuonuu
1008 672 1192 727 rius-uss.
1737 693 1778 759 59

226 763 688 772 --..-.—---—-——.--..—
1358 767 1462 774 .„,-.—.
1470 769 1619 774 .-.—-———
1628 770 1775 776 .-———

223 887 306 947 inter
329 885 427 964 ipsos
460 905 501 944 ex
526 905 596 954 una,
632 895 665 946 et
691 883 856 964 predictos
888 884 1021 961 nobiles,
1055 887 1096 948 ab
1120 887 1221 948 altera
1246 886 1399 966 partibus,
1432 887 1550 950 factam
1582 891 1613 949 in
1639 891 1779 970 scriptis,

225 1001 376 1070 petentes
401 991 503 1068 ipsam
529 990 719 1056 confirmari.
745 989 897 1053 ratificari
921 1002 954 1053 et
979 995 1116 1056 adacta
1141 1013 1198 1055 sue
1215 993 1299 1054 Rme
1316 995 1384 1056 Ptis
1409 998 1578 1074 presencia
1601 998 1775 1076 ingrossari

223 1111 256 1160 et
282 1110 377 1177 prout
402 1099 511 1159 stabat
542 1098 583 1159 de
608 1098 709 1159 verbo
741 1099 940 1160 adverbum
974 1100 1111 1161 inscribi.
1151 1099 1193 1162 Et
1217 1101 1300 1161 dnus
1325 1101 1428 1162 Rmus
1461 1101 1570 1162 audita
1594 1102 1777 1165 huiusmodi

222 1205 430 1266 concordia..
456 1206 560 1285 ipsam
584 1205 715 1266 adacta
734 1207 942 1288 ingrossari..
968 1207 1167 1269 mandavit..
1193 1205 1425 1287 Cuiusquidem
1450 1210 1624 1271 concordie
1648 1219 1776 1272 tenor..

223 1324 273 1374 est
297 1311 384 1373 talis:

329 1416 520 1498 Magnilicus
545 1416 707 1492 Nicolaus,
732 1418 826 1480 heres
843 1418 884 1480 de
902 1418 1062 1500 Dzyalyn,
1088 1420 1249 1500 palatinus
1273 1419 1622 1484 Iunowladislaviensis
1643 1433 1676 1486 et
1693 1425 1777 1505 capi·

223 1539 337 1589 taneus
362 1528 391 1584 in
416 1523 617 1602 Brodnycza,
647 1525 785 1586 Iacobus
809 1525 849 1586 de
876 1525 1093 1606 Dzyrdzycze,
1126 1527 1283 1588 subiudex
1309 1526 1537 1594 ZawkrzensIs,
1573 1528 1712 1592 Wlodelr
1736 1533 1777 1593 de

223 1632 407 1708 CrasaoWO,
434 1630 640 1711 Nyemyerza
664 1633 705 1692 de
729 1630 924 1693 Siroczknvo
949 1644 1103 1712 tanquam
1129 1633 1238 1694 arbitri
1264 1636 1346 1695 inter
1369 1654 1549 1714 generosos
1575 1635 1717 1697 Felicem
1743 1648 1778 1698 et

224 1742 416 1818 Procopium
440 1738 578 1799 heredes
603 1737 643 1798 de
668 1736 832 1800 Golczevo
856 1749 889 1800 et
914 1739 1038 1802 nobiles
1064 1739 1195 1800 Paulum
1221 1751 1365 1801 curatum
1391 1741 1421 1800 in
1447 1740 1634 1822 Luschyno,
1666 1743 1778 1804 Iohan-

224 1867 305 1914 nem,
329 1845 492 1917 Iacobum,
511 1843 689 1917 Nicolaum,
706 1845 869 1912 Iacobum,
888 1846 1108 1920 Ambrosium,
1126 1845 1302 1921 Andream,
1321 1844 1452 1910 fratrem
1470 1851 1569 1928 ipsius
1586 1849 1777 1924 Iohannem,

222 1951 418 2016 Stanislaum
443 1951 589 2024 heredes,
614 1961 665 2012 tot
690 1962 771 2032 quot
794 1965 869 2014 sunt
893 1971 1008 2012 omnes
1032 1955 1063 2012 in
1085 1951 1246 2022 Bobrovo,
1272 1955 1312 2014 de
1329 1973 1490 2016 consensu
1515 1957 1683 2018 ambarum
1707 1978 1777 2038 par-

222 2062 305 2120 cium
330 2059 435 2119 vocati
461 2067 494 2118 et
511 2058 618 2136 rogati
641 2059 672 2117 in
690 2058 775 2118 hunc
800 2059 932 2120 modum
958 2072 1227 2138 recognoverunt.
1253 2072 1349 2140 prout
1374 2061 1450 2124 dicti
1476 2061 1600 2124 nobiles
1624 2063 1777 2126 Bobrow·

221 2186 299 2246 sczy
323 2183 502 2247 generosos
527 2163 670 2226 Felicem
696 2175 729 2226 et
753 2165 947 2246 Procopium
972 2168 1152 2228 citaverunt
1176 2167 1232 2228 tali
1256 2169 1447 2228 condicione
1472 2188 1532 2248 pro
1553 2187 1602 2241 eo,
1628 2173 1700 2248 quia
1718 2191 1778 2232 vos

221 2271 397 2335 edificastis
422 2270 581 2350 capellam
605 2289 663 2332 seu
687 2270 855 2332 ecclesiam
881 2275 1008 2334 noviter
1032 2283 1174 2335 erectam
1206 2295 1303 2354 super
1334 2276 1479 2352 ipsorum
1504 2276 1598 2337 bonis
1623 2275 1776 2340 Bobrovo

221 2391 254 2443 et
278 2380 391 2440 volunt
416 2378 534 2448 vIdere,
567 2397 633 2458 quo
657 2379 724 2440 iure
748 2379 851 2458 ipsam
877 2378 1052 2442 edificastis
1076 2379 1255 2446 ecclesiam.
1287 2401 1351 2462 qua
1375 2381 1583 2446 edificacione
1608 2383 1778 2464 dampnifi-

222 2490 320 2549 castIs
344 2489 434 2568 ipsos
459 2487 498 2545 ad
524 2486 589 2546 duo
607 2483 704 2546 millia
728 2505 965 2566 sexagenorum
990 2489 1022 2549 in
1039 2486 1158 2549 solidis.
1184 2488 1314 2550 Extunc
1338 2508 1453 2550 omnes
1477 2493 1718 2552 controversias
1742 2503 1776 2553 et

191 2609 193 2614 ·
221 2595 473 2674 suprascriptam
500 2593 690 2654 citacionem
717 2591 979 2654 mortificamus..
1005 2605 1037 2656 et
1061 2594 1306 2672 annichilamus;
1322 2607 1364 2662 ,et
1380 2597 1443 2656 iam
1471 2595 1585 2677 prefati
1603 2597 1657 2658 dni
1682 2597 1774 2659 Felix

220 2715 253 2763 et
278 2701 457 2781 Procopius
494 2700 616 2760 debent
649 2719 762 2776 pacem
796 2699 916 2762 habere
951 2703 983 2762 in
1014 2703 1101 2763 dicta
1133 2701 1272 2764 ecclesia
1305 2702 1335 2762 b.
1361 2701 1462 2763 Marie
1487 2703 1617 2784 virgInis
1650 2707 1776 2766 noviter

220 2819 327 2870 erecta
352 2815 512 2887 perpetue
536 2819 568 2867 et
592 2808 623 2866 In
647 2826 756 2885 evum;
795 2818 828 2869 et
852 2809 1061 2888 suprascripti
1097 2807 1222 2870 nobiles
1246 2808 1466 2890 Bobrowsczy
1490 2812 1552 2870 iam
1578 2811 1699 2874 debent
1723 2811 1775 2873 ba-

220 2915 296 2976 bere
320 2923 513 2994 perpetuum
539 2912 714 2982 silencium,
739 2915 794 2986 ita,
818 2915 907 2992 quod
931 2917 993 2975 iam
1019 2915 1102 2976 dnos
1128 2914 1269 2978 Felicem
1294 2926 1327 2978 et
1352 2917 1545 2996 Procopium
1571 2937 1636 2979 non
1652 2917 1776 2980 debent

220 3041 339 3082 vexare
372 3030 405 3082 et
428 3021 570 3100 ipsorum
605 3019 767 3101 legitimos
799 3041 1015 3086 successores.
1047 3033 1080 3082 et
1105 3024 1166 3084 iam
1187 3043 1320 3106 ¹exnunc
1352 3044 1467 3085 omnes
1498 3022 1623 3084 nobiles
1654 3025 1776 3086 domini

219 3129 259 3190 de
284 3127 437 3188 Bobrovo
462 3137 511 3190 tot
536 3137 714 3205 quorsum
749 3136 782 3190 et
806 3129 950 3207 ipsorum
976 3129 1111 3209 legitimi
1136 3149 1343 3192 successores
1375 3130 1497 3192 debent
1521 3129 1621 3192 libere
1645 3131 1774 3210 sepeliri

135 3252 139 3260 ·
218 3237 248 3296 in
273 3235 418 3296 ecclesiis
442 3231 594 3295 videlicet
618 3234 647 3294 in
673 3234 803 3296 ciuitate
828 3235 870 3296 ad
894 3255 917 3298 s.
945 3235 1055 3298 Vitum
1087 3247 1119 3298 et
1144 3238 1186 3298 ad
1210 3237 1239 3298 b.
1265 3234 1295 3297 V
1329 3237 1463 3299 Mariam
1489 3249 1584 3300 extra
1608 3239 1774 3300 ciuitatem

220 3343 287 3402 sine
312 3341 399 3402 omni
435 3343 644 3419 pecuniarum
681 3344 854 3403 exactione
891 3352 924 3402 et
956 3343 1213 3405 contradictione
1245 3344 1382 3406 dnorum
1418 3343 1534 3406 Felicis
1567 3357 1600 3406 et
1625 3345 1775 3426 Procopii

218 3460 374 3529 tanquam
400 3447 556 3508 heredum
581 3457 615 3508 et
640 3448 777 3526 plebani,
803 3451 858 3528 qui
883 3461 1022 3528 protunc
1046 3449 1150 3512 luerit.
1177 3450 1257 3512 Item
1277 3452 1381 3512 eciam
1399 3451 1541 3514 scabella
1564 3450 1643 3514 alias
1666 3451 1776 3532 lawky

218 3557 248 3615 iu
274 3555 368 3615 dictis
392 3553 537 3616 ecclesiis
561 3565 593 3614 et
610 3556 838 3636 suprascriptis
855 3557 977 3618 debent
994 3557 1151 3636 suprafati
1168 3558 1221 3619 dni
1238 3557 1459 3638 Bobrowsczy
1477 3558 1597 3620 habere
1615 3569 1774 3640 perpetue

219 3673 251 3722 et
275 3663 305 3722 in
324 3681 418 3721 evum
437 3669 470 3721 et
488 3663 534 3720 sui
554 3662 688 3741 legitimi
713 3681 926 3724 successores.
953 3663 995 3724 Et
1011 3664 1125 3726 honor.
1149 3666 1233 3726 dnus
1250 3665 1411 3727 Iohannes
1434 3664 1529 3728 heres
1545 3667 1586 3727 de
1604 3666 1773 3749 Prznyevo

220 3779 356 3848 protunc
381 3777 510 3830 curatus
541 3769 574 3828 ln
598 3765 744 3847 Syeprcz
774 3768 814 3832 ad
840 3769 958 3832 dictam
984 3773 1231 3848 inscripcionem
1256 3773 1436 3846 consensit,
1468 3774 1606 3834 admisit.
1646 3773 1689 3834 Et
1713 3773 1773 3836 hcc

223 3877 444 3954 suprascripte
467 3885 577 3954 partes
603 3874 662 3936 sub
686 3876 783 3936 vadio
808 3875 863 3939 CC
881 3897 1119 3956 sexagenarum
1145 3878 1266 3940 debent
1291 3891 1403 3940 tenere
1427 3891 1460 3941 et
1476 3880 1651 3941 observare
1676 3880 1775 3942 invio·

219 3983 361 4054 labiliter,
388 3994 547 4062 perpetue
571 3983 658 4045 etin
684 4003 789 4045 evum.
821 3979 909 4044 Idem
934 3984 988 4045 dni
1014 3983 1107 4046 Felix
1131 3997 1164 4046 et
1188 3987 1366 4066 Procopius
1395 3986 1517 4047 debent
1540 4006 1638 4066 super
1661 3988 1773 4067 primis

218 4091 362 4152 'terminis
386 4090 417 4150 in
443 4089 565 4168 Byelsk
588 4090 762 4152 inscribere
786 4091 980 4172 supradictis
1005 4093 1166 4154 nobilibus
1190 4092 1429 4172 Bobrowsltym
1447 4092 1509 4154 XL
1527 4113 1710 4173 sexagenas
1726 4115 1773 4174 gr.

218 4198 248 4256 in
274 4195 393 4270 solidis,
426 4195 576 4258 videlicet
600 4217 698 4277 super
721 4197 839 4260 festum
872 4219 896 4259 s.
923 4197 1073 4260 Iohannis
1098 4200 1246 4278 Baptiste
1278 4221 1370 4279 prox.
1396 4212 1567 4263 venturum
1592 4201 1658 4263 XX
1682 4222 1772 4264 sexa·

217 4321 318 4381 genas
349 4312 383 4364 et
407 4302 486 4363 alias
510 4301 574 4364 XX
598 4322 781 4385 sexagenas
812 4323 911 4384 super
934 4305 1018 4366 aliud
1044 4303 1163 4367 festum
1196 4327 1220 4368 s.
1244 4305 1397 4368 IohannIs
1422 4306 1515 4387 Bapt.
1540 4309 1571 4368 in
1596 4329 1662 4368 uno
1685 4328 1772 4371 anno

218 4417 250 4469 et
267 4409 381 4470 ambas
405 4419 491 4471 ratas
508 4411 630 4472 debent
655 4411 827 4472 inscribere
852 4413 969 4473 iudicio
987 4412 1046 4473 sub
1063 4411 1308 4493 Quinquaginta
1332 4423 1365 4476 et
1382 4415 1540 4496 episcopo
1557 4415 1616 4476 sub
1634 4416 1769 4477 totidem

217 4514 356 4596 dampni,
382 4514 463 4578 Item
488 4537 602 4578 omnes
626 4520 793 4597 granicies,
818 4539 899 4598 quas
914 4517 1037 4581 habent
1053 4521 1138 4581 Inter
1153 4519 1240 4582 bona
1257 4517 1402 4602 Syeprcz
1418 4535 1451 4582 et
1469 4519 1631 4592 Bobrovo,
1648 4522 1770 4586 debent

217 4623 299 4682 inter
323 4641 359 4683 se
382 4632 495 4684 tenere
519 4623 694 4686 secundum
720 4627 788 4686 iura
812 4627 945 4704 antiqua
969 4627 1030 4687 sub
1054 4627 1170 4687 eodem
1196 4626 1291 4688 vadio
1316 4629 1510 4709 subscripto
1550 4627 1632 4690 Item
1656 4650 1771 4691 omnes

217 4730 427 4807 suprascripti
455 4729 579 4791 nobiles
604 4729 825 4811 Bobrowsczy
849 4731 972 4794 debent
995 4753 1111 4794 omnes
1135 4736 1281 4813 equitare
1306 4736 1337 4794 in
1362 4733 1544 4808 Ploczkam,
1576 4735 1652 4796 dum
1678 4735 1771 4798 luerit

217 4835 390 4914 capitulum
424 4839 562 4917 primum
595 4857 654 4918 per
684 4840 782 4899 dnum
814 4839 1015 4917 Episcopum
1047 4841 1255 4915 celebratum,
1288 4861 1360 4900 cum
1386 4842 1504 4902 eodem
1536 4844 1704 4921 rescrIpto,
1738 4855 1771 4905 et

217 4939 315 5026 illalm
340 4940 561 5028 concordiam]
587 4943 733 5006 ratificari
759 4956 871 5025 petere
895 4946 956 5008 sub
972 4947 1089 5008 eodem
1114 4949 1219 5010 vadio.
1244 4947 1364 5008 Datum
1390 4949 1421 5008 in
1443 4947 1588 5028 Syeprcz
1604 4949 1656 5010 die
1672 4950 1771 5011 domi·

216 5049 288 5109 nico
313 5050 533 5112 Reminiscere
556 5071 582 5110 a.
609 5050 647 5112 D.
672 5050 714 5112 M.
740 5063 800 5113 etc.
827 5049 1067 5114 LXXXVIII..

428 5240 470 5303 A.
501 5245 591 5321 1489,
617 5243 752 5304 Ianuarii
776 5243 827 5314 26,
852 5246 884 5304 ln
909 5247 1103 5308 consistorio
1128 5245 1358 5310 Polthoviensi

327 5361 414 5429 157.
438 5365 533 5443 (Acta
553 5365 635 5428 offic.
653 5367 702 5446 V).
727 5367 762 5429 In
787 5387 885 5430 causa
910 5369 1039 5432 discreti
1065 5368 1155 5432 Luce
1180 5372 1221 5433 de
1238 5372 1413 5455 Ponyathy
1435 5384 1549 5434 contra
1572 5393 1766 5452 generosum

216 5472 313 5532 dnum
339 5471 490 5534 iacobum
516 5475 557 5535 de
582 5471 730 5547 Blothna,
755 5475 913 5537 discretus
938 5477 1077 5538 Mathias
1108 5478 1150 5539 de
1175 5477 1359 5560 Myeczyno
1390 5483 1520 5542 nomme
1546 5483 1769 5561 procuratorio

216 5575 339 5640 Luce..
364 5580 479 5659 petivit
503 5599 610 5640 vener.
634 5582 721 5642 vIros
745 5582 866 5644 scilicet
890 5581 1084 5644 Stanislaum
1110 5585 1150 5646 de
1175 5583 1379 5667 Naquasyno
1404 5589 1617 5668 prepositum,
1641 5607 1768 5668 mgrum

215 5684 453 5748 Vscbeborium
479 5688 636 5749 decanum
662 5688 908 5752 Polthovienses
940 5692 1143 5771 pronunciari
1169 5693 1290 5755 iudices
1314 5705 1541 5775 competentes
1565 5695 1712 5774 partibus
1735 5705 1769 5755 et
