4458 6674
913 677 1003 723 ac't'n
1023 675 1143 724 lUDlCll
1163 675 1298 723 sectas.
1319 673 1505 724 Phocensis

435 765 660 774 --..—0—----
686 766 781 772 .---..
826 767 835 772 ..
861 767 865 772 .
1090 767 1158 770 -
1553 765 1558 768 “
1576 763 1618 768 “·“··““

434 887 568 948 ecclesie
593 897 703 947 nostre
727 885 854 966 prefate
879 885 1043 946 Plocensis
1068 887 1217 964 legitime,
1249 897 1284 947 ut
1308 886 1368 964 ipsi
1399 897 1432 946 et
1457 905 1567 946 eorum
1594 886 1729 964 quilibet
1760 887 1791 946 in
1817 885 1903 946 dicta
1927 907 1984 947 sua

433 995 559 1065 vicaria,
585 1015 647 1073 que
672 996 701 1052 iu
719 993 911 1054 beneficium
938 1005 1129 1071 perpetuum
1156 991 1409 1053 ecclesiasticum
1434 1013 1453 1052 a
1473 992 1618 1070 quolibet
1642 995 1786 1071 ipsorum
1812 992 1983 1062 obtinetur,

433 1101 638 1181 personalem
670 1101 882 1161 residenciarn
915 1099 996 1160 infra
1020 1113 1151 1178 tempus
1175 1100 1297 1161 eisdem
1324 1097 1482 1178 prefixum
1515 1097 1659 1160 lacerent
1689 1111 1723 1159 et
1747 1099 1983 1168 continuarent,

434 1208 690 1287 prernonuimus;
723 1218 757 1267 ut
782 1219 890 1267 tarnen
916 1208 1121 1285 experieucia
1145 1207 1337 1284 accepimus¹
1371 1206 1461 1266 multi
1486 1225 1598 1266 eorum
1625 1207 1784 1267 ruamlatis
1810 1205 1985 1266 nostriset

433 1314 558 1394 prefate
576 1315 820 1374 constitucionis
845 1312 1024 1390 apostolice
1050 1314 1178 1374 minime
1195 1313 1396 1386 obedientes
1421 1333 1455 1373 se
1473 1333 1490 1372 a
1508 1313 1601 1373 dietis
1618 1311 1782 1372 beneficiis
1800 1323 1831 1372 et
1848 1310 1984 1372 ecclesia

433 1419 559 1501 prefata
583 1421 764 1491 absentant,
798 1422 827 1480 in
852 1420 991 1500 oppidis,
1023 1419 1103 1480 villis
1127 1429 1160 1480 et
1184 1420 1254 1480 aliis
1278 1421 1356 1480 locis
1380 1419 1545 1498 angulosis
1572 1439 1644 1478 cum
1671 1439 1734 1479 non
1762 1438 1862 1494 parvo
1887 1419 1982 1477 etiarn

432 1528 587 1588 scandalo
611 1538 860 1600 commorantes,
886 1527 1002 1606 quibus
1027 1547 1087 1587 nos
1110 1547 1186 1587 cura
1210 1527 1335 1588 solliciti
1362 1547 1402 1586 ex
1428 1527 1538 1586 debito
1564 1523 1657 1586 oflicii
1682 1528 1781 1586 nostri
1806 1543 1984 1592 occurrere,

433 1635 581 1714 quamvis
604 1635 667 1694 iarn
692 1634 824 1712 rigidius
856 1653 927 1694 cum
952 1633 1069 1694 talibus
1095 1633 1254 1694 mandatis
1278 1635 1397 1694 nostris
1429 1636 1558 1694 minime
1584 1633 1889 1712 obtemperantibus
1914 1651 1983 1712 pro·

433 1741 548 1802 cedere
574 1761 755 1819 possemus,
780 1751 914 1819 paterne
939 1751 1046 1800 tamen
1072 1759 1143 1800 curn
1169 1743 1215 1800 eis
1232 1761 1329 1820 agere
1354 1741 1510 1808 volentes,
1535 1743 1650 1802 iterum
1675 1741 1809 1799 eosdem
1835 1739 1984 1798 duximus

434 1848 683 1927 premonendos.
723 1845 884 1926 Quocirca
908 1848 1001 1908 vobis
1025 1848 1281 1927 exequutoribus
1310 1849 1512 1927 supradictis,
1545 1848 1599 1926 qui
1624 1847 1830 1927 presentibus
1865 1843 1984 1906 fueritis

432 1955 575 2034 requisiti
600 1955 631 2014 in
656 1956 774 2015 virtute
798 1974 821 2014 s.
846 1953 1037 2016 obediencie
1062 1965 1094 2014 et
1119 1955 1179 2014 sub
1203 1956 1552 2015 excolunuuriracionis
1578 1973 1661 2033 pena
1686 1953 1885 2020 mandamus,
1911 1969 1984 2030 qua-

431 2073 526 2123 tenus
551 2061 764 2142 personaliter
788 2061 991 2132 accedentes,
1024 2063 1048 2121 si
1074 2061 1247 2121 commode
1273 2063 1428 2139 poteritis,
1461 2061 1538 2122 alias
1564 2062 1678 2122 vestris
1707 2061 1736 2119 in
1762 2059 1906 2120 ecclesiis
1930 2077 1985 2136 pu·

434 2169 516 2229 blice
541 2178 766 2248 proponentes
790 2189 846 2228 seu
879 2189 936 2248 per
960 2167 1145 2228 affixionem
1180 2171 1282 2247 portis
1306 2166 1442 2228 ecclesie
1467 2171 1596 2228 maioris
1620 2179 1731 2228 nostre
1764 2178 1818 2226 aut
1842 2167 1984 2240 alterius;

431 2279 476 2336 ita
493 2275 622 2354 quidem
641 2276 729 2354 quod
745 2273 786 2334 ad
805 2276 954 2334 noticiam
975 2275 1189 2352 verisimilem,
1214 2295 1349 2354 quorum
1368 2277 1513 2344 interest,
1539 2277 1706 2354 pervenire
1725 2276 1852 2353 poterit,
1870 2289 1984 2332 omnes

431 2391 464 2444 et
480 2381 623 2462 singulos
649 2381 785 2442 vicarios
809 2393 985 2461 perpetuos
1010 2381 1145 2441 ecclesie
1171 2392 1281 2442 nostre
1307 2381 1469 2442 l'locensis
1493 2393 1673 2442 memorate
1698 2391 1857 2442 eteorum
1876 2397 1983 2458 quem·

431 2487 510 2549 libet
534 2489 695 2550 moneatis
727 2487 851 2568 illisque
882 2489 934 2550 vel
959 2489 998 2548 illi
1024 2509 1159 2568 presens
1185 2499 1330 2550 nostrum
1355 2489 1543 2548 mandatum
1569 2488 1736 2550 insinuetis
1764 2498 1797 2547 et
1823 2486 1985 2552 intimetis,

431 2615 513 2674 quos
544 2595 750 2676 presentibus
784 2615 844 2656 nos
869 2615 1038 2657 monemus
1070 2605 1103 2656 et
1128 2597 1327 2675 requirimus,
1366 2607 1398 2657 ut
1424 2595 1504 2656 infra
1536 2596 1610 2656 hinc
1642 2609 1673 2655 et
1701 2606 1804 2656 toturn
1838 2611 1982 2654 mensem

429 2701 563 2782 Mayum
581 2713 781 2782 sequentem,
807 2702 894 2782 quod
911 2713 1041 2784 tempus
1066 2701 1124 2763 illis
1146 2723 1205 2782 pro
1222 2705 1372 2764 omuibus
1397 2703 1609 2764 dilacionibus
1633 2704 1781 2781 trinaque
1801 2701 1985 2761 monicione

429 2829 467 2869 ac
489 2809 630 2870 termino
663 2811 883 2888 peremptorio
915 2807 1103 2890 prefigimus
1128 2820 1160 2870 et
1185 2810 1394 2890 assignamus,
1420 2813 1479 2887 ipsi
1505 2811 1612 2870 vicarii
1646 2821 1814 2870 eteorum
1851 2807 1984 2888 quilibet

431 2916 512 2976 circa
539 2915 706 2978 ecclesiam
732 2914 892 2995 prefatam
918 2927 1061 2978 nostram
1087 2917 1307 2977 cathedralem
1333 2917 1524 2978 Plocensem
1556 2919 1585 2977 in
1612 2917 1727 2976 vicaria
1753 2935 1809 2976 sua
1832 2931 1985 2994 persona·

431 3021 502 3083 liter
534 3023 592 3083 sub
618 3025 710 3102 penis
734 3023 947 3102 infrascriptis
979 3023 1051 3102 ipso
1078 3023 1163 3084 facto
1187 3021 1386 3084 incurrendis
1419 3023 1558 3084 resideat
1591 3023 1698 3103 illique
1727 3025 1816 3082 irrxta
1839 3021 1983 3082 debiturn

429 3129 460 3188 in
485 3129 600 3190 divinis
622 3127 739 3190 officiis
764 3131 939 3200 deserviat,
964 3149 1027 3190 non
1052 3131 1259 3192 obstantibus
1285 3129 1501 3200 facultatibus,
1526 3133 1659 3192 indultis
1683 3141 1716 3191 et
1741 3131 1810 3190 aliis
1834 3129 1984 3190 absencie

431 3233 580 3297 remediis
603 3256 621 3296 a
645 3235 741 3297 nobis
773 3237 822 3296 vel
848 3237 888 3296 ab
913 3235 982 3298 aliis
1007 3247 1119 3298 nostra
1143 3241 1337 3299 auctoritate
1370 3239 1615 3316 quomodolibet
1641 3238 1809 3298 concessis
1833 3249 1865 3298 et
1891 3235 1982 3308 datis,

432 3362 512 3422 quas
537 3362 597 3403 nos
621 3345 722 3404 eciam
754 3363 826 3403 cum
852 3346 1047 3404 auctoritate
1080 3345 1209 3406 cuilibet
1243 3345 1282 3405 ud
1309 3347 1464 3424 premissa
1490 3344 1636 3405 facienda
1664 3363 1820 3405 concessa
1844 3343 1984 3404 tollimus

432 3461 464 3510 et
490 3470 531 3510 ex
556 3451 651 3510 certis
675 3451 781 3510 causis
813 3451 952 3510 animum
986 3465 1131 3511 nostrum
1164 3451 1291 3512 adhoc
1320 3453 1525 3514 moventibus
1550 3471 1749 3526 revocamus,
1781 3451 1858 3511 alias
1893 3449 1984 3529 lapso

431 3577 543 3618 mense
576 3569 607 3618 et
633 3557 695 3617 iarn
721 3558 809 3618 <licto
835 3557 981 3624 termino,
1015 3561 1038 3617 si
1066 3561 1138 3637 quis
1163 3579 1273 3618 eorum
1305 3559 1384 3618 infra
1417 3571 1547 3639 ternpus
1576 3571 1791 3618 memoratum
1825 3556 1983 3637 prefatam

429 3665 640 3724 residenciam
667 3683 731 3724 non
755 3663 867 3726 fecerit
892 3675 924 3726 et
941 3666 1176 3727 continuaverit
1202 3685 1238 3726 ac
1257 3669 1439 3727 successive
1465 3680 1539 3746 post
1566 3677 1693 3742 ternpus
1718 3667 1813 3725 etiarn
1838 3663 1985 3742 aliqualis

430 3771 618 3844 residencie,
650 3773 675 3830 si
701 3791 736 3830 se
761 3791 871 3831 eorum
897 3773 1057 3850 quispiam
1091 3793 1149 3850 per
1172 3783 1249 3833 octo
1273 3773 1351 3846 dies,
1384 3793 1466 3852 quos
1490 3783 1598 3835 tamen
1632 3773 1768 3834 anobis
1793 3772 1840 3832 vel
1867 3771 1984 3832 vicario

433 3887 544 3939 nostro
568 3879 600 3937 in
625 3877 843 3955 spiritualibus
875 3878 1066 3939 mandamus
1090 3899 1133 3938 ex
1158 3899 1255 3938 eausa
1280 3881 1362 3941 iusta
1387 3881 1534 3952 obtineri,
1560 3883 1732 3941 continuos
1755 3899 1775 3939 a
1800 3878 1921 3957 prefata
1946 3878 1984 3937 vi-

432 3985 516 4046 caria
541 3984 769 4056 absentaverit,
797 3987 869 4064 ipso
894 3983 978 4045 facto
1004 3987 1152 4046 noverint
1177 4007 1211 4045 se
1229 3985 1394 4047 beneficiis
1419 3987 1600 4047 huiusmodi
1625 3987 1815 4046 vicariorum
1841 3986 1985 4063 privatos

432 4111 512 4164 esse,
546 4112 629 4171 quos
653 4111 713 4154 nos
738 4111 866 4154 exnunc
898 4101 930 4153 et
955 4103 1088 4153 econtra
1114 4094 1278 4172 privamus
1309 4105 1341 4155 ct
1368 4114 1482 4154 vacare
1507 4095 1709 4155 decernimus
1735 4114 1792 4172 per
1816 4103 1985 4172 presentes

432 4197 528 4259 salvis
551 4199 641 4260 iustis
675 4209 708 4260 et
731 4197 883 4278 legitimis
908 4201 1012 4260 causis
1037 4201 1190 4260 maiorem
1216 4199 1400 4260 absenciam
1434 4201 1680 4280 requirentibus,
1712 4219 1846 4279 quarum
1878 4197 1986 4276 cogni-

433 4307 559 4366 cionem
585 4306 745 4368 duntaxat
770 4317 884 4368 nostro
909 4307 1041 4367 arbitrio
1067 4327 1278 4368 reservamus.
1306 4307 1424 4368 Datum
1452 4309 1482 4366 in
1509 4307 1661 4368 lablonna
1687 4309 1738 4368 die
1763 4307 1847 4366 lovis
1872 4302 1984 4366 XXVl

433 4432 474 4472 m.
499 4410 623 4492 Aprilis
647 4432 674 4473 a.
700 4413 737 4473 D.
763 4411 879 4474 MDIX
903 4423 1017 4474 nostro
1042 4415 1102 4473 sub
1127 4412 1240 4492 sigillo,

647 4605 687 4666 A.
720 4619 808 4684 1509,
834 4605 958 4685 Aprilis
983 4623 1034 4684 29,
1058 4608 1088 4666 in
1114 4606 1246 4667 lablona
1271 4609 1301 4667 in
1327 4609 1414 4668 curia
1439 4608 1625 4688 episcopali.

538 4725 628 4794 286.
661 4729 758 4810 (Acta
791 4732 888 4810 episc.
913 4729 1001 4810 le..
1040 4731 1192 4792 l'rovidus
1227 4731 1386 4813 Georgius
1411 4743 1556 4793 murator
1593 4733 1634 4793 de
1659 4731 1862 4793 Varschovia
1887 4730 1983 4791 talem

436 4847 640 4898 contractum
665 4857 737 4898 cum
762 4837 848 4898 Rmo
874 4837 939 4898 duo
964 4837 1102 4898 Erasrno
1126 4841 1284 4917 episcopo
1308 4839 1453 4900 Plocensi
1480 4843 1670 4920 recognovit
1696 4861 1730 4900 se
1749 4838 1863 4900 fecisse
1886 4838 1985 4898 talem

433 4943 590 5016 videlicet,
624 4944 711 5023 quod
737 4945 801 5006 duo
826 4945 955 5006 cellaria
980 4947 1191 5006 subterranea
1217 4945 1357 5008 facturus
1382 4960 1432 5009 est
1465 4950 1495 5007 in
1521 4945 1598 5008 locis
1629 4957 1660 5007 et
1693 4949 1873 5026 quantitate
1906 4945 1986 5006 desi-

434 5051 550 5128 gnatis,
576 5069 710 5130 quarum
736 5071 845 5114 murus
869 5055 1109 5132 spissitudinem
1135 5053 1265 5113 habebit
1289 5053 1336 5116 IV
1363 5056 1506 5127 laterum,
1531 5075 1627 5114 unum
1653 5065 1759 5115 autern
1788 5075 1828 5114 ex
1857 5054 1903 5113 eis
1927 5053 1985 5112 erit

433 5155 665 5219 testudinatum
691 5157 774 5219 aliud
793 5160 946 5238 simplex;
972 5174 1119 5238 preterea
1143 5161 1227 5220 idem
1245 5173 1387 5222 murator
1413 5161 1553 5222 facturus
1570 5173 1618 5222 est
1638 5162 1844 5220 fundamenta
1861 5171 1986 5220 murata

433 5284 494 5344 pro
517 5264 620 5326 tribus
643 5264 904 5340 habitationibus
938 5287 1070 5346 quarum
1097 5269 1193 5327 etiarn
1220 5269 1291 5328 loca
1315 5281 1389 5330 sunt
1413 5269 1470 5329 sibi
1497 5269 1674 5346 designata,
1708 5287 1843 5346 quorum
1877 5264 1985 5327 funda·

434 5383 616 5433 mentorum
643 5373 847 5453 profunditas
879 5377 939 5436 erit
964 5375 1099 5435 duorum
1127 5377 1207 5434 intra
1233 5391 1350 5435 terram
1376 5377 1556 5436 cubitorum
1590 5387 1621 5456 et
1646 5395 1743 5456 supra
1767 5387 1884 5436 terram
1911 5375 1986 5434 duo·

433 5499 502 5540 rurn
528 5479 663 5540 laterum
689 5501 761 5541 curn
787 5481 902 5554 medio,
927 5484 1070 5542 oninium
1097 5495 1204 5542 autern
1232 5485 1461 5561 premissorum
1488 5481 1613 5542 fossura
1638 5493 1670 5544 et
1696 5495 1780 5542 terre
1804 5481 1920 5541 eiectio
1945 5499 1986 5539 ex

434 5587 512 5647 locis
529 5589 694 5665 premissis
712 5589 868 5666 impensis
885 5599 917 5649 et
931 5609 1033 5668 opera
1052 5588 1166 5666 prefati
1185 5591 1355 5651 muratoris
1372 5601 1577 5668 peragentur,
1597 5589 1727 5649 materia
1746 5597 1854 5649 autern
1871 5587 1913 5648 ad
1925 5586 1985 5648 hec

434 5695 613 5753 necessaria
639 5697 818 5773 peripsum
844 5695 940 5754 dnum
968 5695 1166 5776 Episcopum
1193 5695 1431 5768 ministrabitur,
1458 5717 1520 5775 que
1546 5695 1668 5757 edificia
1694 5707 1725 5757 et
1750 5715 1849 5776 opere
1874 5694 1924 5755 hie
1950 5695 1979 5753 ln
