4458 6674
948 655 1037 712 nuru
1058 637 1135 716 mm.
1758 669 1815 744 133

1476 755 1815 764 —...—--....-.-———-——-

264 893 386 954 ponere
410 883 498 936 certa
523 863 616 956 signa
640 875 707 936 sive
724 874 878 954 scopulos
902 885 957 936 aut
975 873 1067 953 palos
1083 877 1252 956 imponere
1276 875 1306 934 in
1323 884 1415 937 certo
1432 885 1587 944 torrente,
1613 877 1665 956 qui
1690 885 1820 938 torrens

264 981 377 1043 dividit
410 981 496 1042 bona
520 977 732 1062 Syemyanye
765 980 902 1042 abonis
926 979 1077 1050 Gutowo,
1109 993 1142 1042 et
1169 984 1242 1062 quia
1275 983 1345 1062 ipse
1374 982 1456 1042 dnus
1479 981 1725 1044 archidiaconus
1749 984 1819 1063 ipsa

263 1089 378 1150 eadem
403 1089 497 1166 signa
520 1097 674 1167 tanquam
699 1099 791 1148 actor
815 1088 1009 1168 principalis,
1041 1089 1131 1149 cuius
1154 1089 1318 1158 intererat,
1342 1089 1458 1150 eadem
1483 1087 1576 1168 signa
1607 1100 1641 1150 et
1665 1088 1820 1169 scopulos

264 1195 370 1258 facere
395 1195 550 1274 neglexit,
581 1213 641 1256 nec
666 1195 706 1254 ad
731 1193 794 1256 hoc
817 1195 922 1275 ipsum
947 1195 1046 1255 dnum
1070 1193 1242 1256 Nicolaum
1267 1203 1300 1255 et
1324 1193 1455 1256 fratrem
1481 1214 1573 1255 suum
1598 1205 1654 1256 aut
1678 1194 1818 1276 aliquem

264 1321 305 1364 ex
329 1301 457 1364 arbitris
482 1321 538 1362 seu
563 1299 732 1362 officialem
758 1301 939 1370 advocavit,
974 1301 1030 1363 sed
1054 1303 1133 1380 ipsis
1158 1303 1298 1363 dimissis
1330 1321 1447 1382 perse
1471 1305 1665 1364 auctoritate
1690 1306 1821 1384 propria

264 1417 352 1470 certa
376 1409 468 1488 signa
491 1408 716 1488 granicierum,
746 1406 896 1470 videlicet
919 1407 1100 1470 clenodium
1133 1407 1360 1482 Traaskarum,
1391 1411 1423 1470 in
1451 1408 1558 1490 lapide
1583 1409 1763 1490 sculpendo
1787 1420 1821 1470 et

264 1535 335 1576 eum
361 1533 421 1594 pro
446 1515 600 1576 limitibus
632 1515 794 1594 ponendo,
828 1535 891 1594 qua
917 1515 1120 1596 negligencia
1151 1516 1252 1596 ipsius
1277 1527 1310 1576 et
1335 1517 1467 1595 propria
1498 1516 1711 1595 granicierum
1737 1517 1818 1596 posi·

263 1624 355 1683 cionc
381 1620 519 1682 eundem
544 1619 713 1682 Nicolaum
739 1633 771 1682 et
788 1641 977 1700 germanum
1003 1642 1095 1682 suum
1120 1621 1362 1702 dampnificavit
1387 1623 1491 1684 eidem
1518 1623 1706 1700 iniuriand0‚
1732 1621 1820 1702 quod

263 1729 416 1790 damnum
442 1741 474 1788 et
498 1728 643 1788 iniuriam
668 1729 839 1790 extimavit
864 1726 957 1790 adC
980 1727 1047 1790 flor.
1063 1727 1217 1808 Hungar,
1242 1740 1339 1808 prout
1365 1728 1464 1790 lacius
1488 1729 1519 1788 in
1543 1730 1718 1790 concordia
1741 1728 1821 1790 arbi·

263 1835 335 1896 trali
359 1837 551 1908 continetur,
585 1835 746 1916 adquam
772 1855 806 1896 se
831 1834 938 1910 refert,
970 1846 1086 1915 petens
1117 1835 1380 1916 proposicionem
1406 1854 1496 1896 suam
1521 1835 1648 1898 admitti
1680 1846 1713 1898 et
1737 1833 1820 1896 inC

263 1939 329 2002 flor.
355 1943 573 2003 condemnari.
599 1941 651 2004 Ex
667 1943 805 2004 adverso
829 1942 912 2004 dnus
936 1942 1181 2005 archidiaconus
1205 1943 1395 2004 deliberavit
1418 1941 1459 2004 ad
1483 1943 1621 2022 primam
1645 1943 1720 2002 iuris
1744 1950 1820 2022 post

263 2045 379 2109 festum
404 2047 601 2110 Bartolomei
627 2049 818 2127 proximam.

477 2240 517 2302 A.
549 2255 638 2321 1509,
664 2241 731 2302 Iulii
761 2241 808 2306 16,
833 2243 864 2302 ln
889 2243 974 2303 curia
999 2242 1187 2324 episcopali.

370 2359 461 2428 291.
499 2365 595 2444 (Acta
620 2367 718 2443 episc.
743 2364 802 2444 la).
842 2361 1023 2448 [Testes]
1056 2367 1087 2426 in
1118 2385 1216 2428 causa
1248 2364 1475 2428 matrimoniali
1507 2365 1637 2428 honesti
1669 2361 1818 2446 Gregorii

263 2471 460 2550 Conwyssar
493 2471 648 2552 oppidani
681 2469 917 2534 Polthoviensis
949 2485 982 2536 et
1006 2485 1119 2536 contra
1144 2473 1317 2536 honestam
1342 2471 1474 2534 Annam
1500 2492 1634 2533 uxorem
1660 2491 1751 2533 suam
1775 2474 1818 2533 in·

263 2575 350 2640 ducti
374 2590 407 2640 et
432 2579 622 2640 examinati:

369 2684 531 2746 Primus
554 2687 648 2746 testis
672 2685 831 2748 honestus
847 2685 966 2748 Vithus
991 2688 1031 2748 de
1049 2686 1294 2748 Polthowsko..
1318 2687 1479 2766 deposuit,
1505 2687 1593 2766 quod
1618 2706 1705 2747 anno
1725 2707 1819 2766 prox.

265 2793 420 2870 preterito
444 2793 474 2852 in
493 2793 593 2854 domo
617 2793 798 2854 inducentis
822 2794 902 2855 vidit
926 2795 1019 2855 testis
1044 2814 1181 2855 uxorem
1205 2795 1285 2855 dixti
1305 2792 1503 2872 Conwyssar
1526 2803 1601 2854 ante
1610 2791 1705 2854 'iores
1722 2793 1818 2854 hostii

262 2900 483 2978 amplexatam
508 2911 567 2978 pet
583 2899 746 2978 quendam
772 2899 913 2960 nobilem
939 2899 1069 2962 Petrum
1086 2899 1317 2980 Thargowsky
1341 2909 1376 2961 ut
1393 2900 1557 2980 propriam
1582 2919 1727 2972 uxorem,
1751 2910 1819 2961 tan·

262 3005 336 3066 dem
361 3005 476 3067 rnarito
501 3006 641 3066 intrante
664 3006 705 3067 ad
730 3026 892 3068 cameram
918 3007 958 3068 ad
982 3008 1208 3068 dormiendum
1233 3017 1266 3068 et
1291 3007 1350 3068 alia
1377 3005 1494 3068 familia
1518 3005 1707 3078 domestica,
1731 3007 1817 3068 idem

263 3111 378 3172 nobilis
403 3115 540 3192 primum
566 3111 678 3175 clausit
702 3113 866 3194 hospitem
901 3125 935 3176 et
958 3114 1091 3176 tandem
1115 3113 1268 3175 familiam
1302 3115 1332 3174 in
1358 3116 1495 3176 camerIs
1521 3124 1662 3194 postque
1686 3113 1817 3174 alterca-

262 3220 381 3292 ciones,
415 3239 478 3298 que
504 3231 575 3280 orte
600 3218 728 3282 suerunt
758 3222 842 3282 inter
866 3221 1005 3282 eundem
1039 3219 1178 3282 nobilem
1212 3231 1245 3282 et
1269 3221 1448 3301 hospitem,
1481 3221 1652 3282 etiterum
1679 3221 1818 3282 intrante

262 3325 440 3387 cubiculum
465 3325 605 3405 hospite,
638 3328 760 3408 recepit
787 3327 951 3389 mulierem
975 3348 1112 3390 uxorem
1138 3328 1319 3390 inducentis
1352 3330 1421 3406 ipse
1451 3327 1567 3390 nobilis
1600 3328 1631 3388 in
1656 3347 1816 3388 cameram

262 3433 463 3511 superiorem
487 3432 596 3513 ibique
620 3431 708 3494 solus
733 3453 805 3494 cum
830 3434 901 3496 sola
924 3434 1035 3496 clauso
1058 3434 1168 3495 hostio
1192 3454 1251 3513 per
1275 3443 1379 3496 totam
1405 3445 1534 3494 noctem
1559 3433 1692 3494 stabant
1717 3453 1818 3512 usque

262 3539 293 3600 in
317 3539 489 3600 crastinam
515 3540 628 3612 lucem,
654 3559 785 3602 causam
811 3543 949 3602 sciencie
973 3541 1085 3602 dicens
1108 3543 1210 3614 testis
1235 3543 1310 3620 quia
1334 3541 1452 3602 ibidem
1479 3561 1581 3621 prope
1602 3539 1744 3602 hostium
1769 3560 1818 3600 ca-

262 3665 350 3706 mere
375 3645 456 3707 illius
480 3645 677 3718 dormiebat,
710 3647 826 3708 adiecit
851 3649 962 3718 eciam,
995 3648 1082 3727 quod
1107 3648 1224 3709 eodem
1249 3659 1398 3728 ternpore
1429 3649 1508 3709 vidit
1534 3645 1817 3730 Magnuschewski

262 3751 399 3814 iudicem
424 3755 584 3814 iacentem
610 3754 642 3814 in
666 3753 752 3814 lecto
777 3756 808 3814 in
833 3756 926 3815 unica
951 3755 1081 3816 camisia
1107 3750 1161 3838 [in]
1187 3774 1324 3828 camera,
1351 3755 1380 3814 in
1405 3773 1470 3836 qua
1494 3755 1578 3816 solet
1601 3754 1724 3833 hospes
1748 3755 1818 3816 dor·

262 3859 340 3920 mire
365 3860 550 3940 ibidemque
575 3861 654 3922 vidit
679 3860 817 3922 eandem
842 3861 1009 3922 mulierem
1034 3861 1204 3923 sedentem
1229 3882 1329 3941 penes
1354 3881 1427 3921 eum
1452 3862 1483 3920 in
1508 3861 1602 3934 lecto,
1636 3861 1676 3921 de
1700 3861 1818 3921 dormi·

262 3965 355 4028 cione
380 3966 472 4026 nichil
498 3967 589 4028 scit..

368 4071 590 4134 Secundus
622 4075 716 4136 testis
746 4073 884 4136 honesta
916 4073 1086 4135 Dorothea
1111 4074 1178 4135 Viti
1210 4094 1292 4135 uxor
1316 4074 1357 4136 de
1383 4073 1626 4136 Polthowsko„
1657 4073 1818 4153 deposuit,

263 4179 350 4260 quod
382 4201 468 4242 anno
499 4201 592 4260 prox.
617 4183 774 4261 preterito
806 4191 955 4260 tempore
979 4180 1103 4242 estivali
1136 4179 1213 4242 feria
1238 4180 1280 4241 ΙΙΙ
1305 4195 1394 4242 certa
1418 4180 1498 4242 hora
1529 4179 1596 4261 sere
1625 4189 1701 4260 post
1725 4179 1816 4240 meri·

262 4287 356 4358 diem,
381 4287 456 4348 dum
481 4286 585 4348 fuerat
609 4289 679 4368 ipse
704 4287 903 4366 Conwyssar
927 4298 1019 4349 extra
1046 4289 1186 4354 domum,
1211 4289 1315 4349 iudice
1340 4285 1637 4370 Magnuschewsky
1661 4289 1692 4347 in
1717 4288 1817 4348 domo

262 4395 431 4465 existente,
456 4395 587 4456 intravit
611 4411 772 4456 cameram
797 4395 899 4466 testis,
925 4405 959 4456 ut
983 4397 1142 4474 reciperet
1167 4397 1362 4456 vestimenta
1385 4396 1425 4454 ad
1450 4393 1655 4466 abluendum,
1681 4413 1743 4472 que
1767 4411 1817 4453 ca·

262 4520 349 4562 mera
374 4499 433 4562 suit
456 4501 578 4579 clausa;
602 4502 654 4562 ubi
680 4501 755 4562 dum
781 4504 939 4581 apperuit,
964 4501 1042 4564 vidit
1067 4502 1204 4562 eundem
1230 4501 1366 4563 iudicem
1391 4521 1462 4561 cum
1483 4519 1585 4562 uxore
1609 4497 1817 4580 Conwyssar,

262 4617 433 4686 utrumque
465 4609 496 4668 in
520 4610 655 4668 camisia
686 4608 716 4668 in
743 4609 827 4669 lecto
859 4609 889 4668 in
920 4619 1005 4676 actu,
1038 4608 1091 4668 ubi
1123 4609 1303 4687 increpavit
1327 4627 1398 4667 eam
1423 4605 1553 4687 hospita
1577 4606 1699 4667 dicens:
1735 4603 1817 4684 Quis

262 4713 422 4794 dyabolus
446 4733 516 4776 eam
542 4713 661 4775 ibidem
686 4715 867 4784 induceret,
893 4727 925 4775 et
950 4693 1067 4775 exiens*
1083 4712 1202 4778 ¹clausit
1225 4713 1376 4784 hostium,
1402 4713 1456 4773 ubi
1480 4713 1612 4774 tandem
1638 4711 1816 4772 manebant

262 4819 321 4882 soli
346 4820 386 4881 ad
404 4821 528 4902 aliquot
552 4821 648 4882 horas
673 4823 754 4884 citra
777 4821 858 4882 duas
882 4819 933 4882 vel
950 4830 1024 4881 tres.
1050 4819 1181 4882 Adiecit
1206 4821 1317 4889 eciam,
1343 4819 1430 4900 quod
1448 4819 1557 4898 sepius
1581 4818 1816 4879 absentabatur

261 4949 279 4988 a
304 4930 381 5002 viro,
407 4947 466 4990 nec
490 4927 621 4991 volebat
645 4949 717 4990 cum
743 4947 783 4989 eo
808 4928 957 5000 dormire,
981 4938 1016 4989 ut
1041 4927 1155 5001 credit,
1189 4939 1324 5006 propter
1349 4925 1539 4988 adulterium
1565 4925 1707 4986 securius
1731 4944 1816 4986 com·

261 5035 468 5112 mittendum;
493 5035 627 5116 insuper
643 5037 770 5106 adiecit,
796 5035 883 5113 quod
901 5044 1017 5113 rogata
1034 5034 1100 5108 suit,
1126 5042 1160 5093 nt
1176 5053 1311 5095 araneas
1329 5034 1511 5112 acquireret
1537 5031 1595 5092 sibi
1613 5041 1645 5091 et
1663 5041 1816 5090 contusas

262 5142 293 5202 in
319 5139 472 5202 ferculum
498 5141 602 5215 daret,
626 5141 740 5224 volens
765 5141 909 5201 toxicum
934 5139 1040 5201 iacere
1065 5141 1213 5200 marito..

368 5247 548 5308 Tercius
573 5249 666 5308 testis
690 5247 830 5310 honesta
848 5247 1056 5327 Margaretha
1081 5247 1143 5308 filia
1160 5246 1340 5307 Katherine
1364 5243 1576 5306 Ianuschowa
1598 5245 1639 5306 de
1655 5243 1814 5305 Polthow·

262 5353 356 5416 sko..
379 5353 539 5435 deposuit,
564 5353 652 5434 quod
677 5373 762 5414 anno
787 5357 931 5434 presenti
956 5355 1030 5416 dum
1056 5355 1126 5434 ipse
1144 5351 1342 5434 Conwyssar
1366 5351 1503 5414 sedebat
1527 5355 1558 5412 in
1577 5352 1653 5411 turri
1678 5361 1815 5430 propter

264 5459 486 5540 Wassowslcy,
512 5461 673 5522 Iohannes
696 5457 907 5520 cubicularius
930 5463 1040 5540 regius
1072 5459 1138 5522 fere
1162 5461 1249 5519 omni
1277 5470 1373 5520 nocte
1404 5458 1585 5520 dormiebat
1616 5477 1687 5518 cum
1713 5476 1816 5517 uxore

262 5567 468 5648 Conwyszar,
493 5586 623 5627 causam
649 5567 787 5629 sciencie
811 5568 931 5639 dicens,
957 5567 1031 5646 quia
1049 5569 1141 5627 testis
1166 5566 1293 5627 iacebat
1317 5586 1388 5627 cum
1408 5565 1477 5644 ipsa
1494 5565 1625 5626 muliere
1651 5565 1681 5623 in
1699 5565 1813 5626 eadem

262 5693 398 5748 camera,
430 5693 493 5754 que
517 5673 629 5734 mulier
653 5673 807 5754 surgebat
839 5682 967 5735 ateste
991 5683 1024 5735 et
1047 5673 1190 5734 intrabat
1221 5673 1263 5733 ad
1287 5689 1449 5732 cameram
1474 5673 1619 5739 vicinam,
1652 5670 1706 5731 ubi
1730 5669 1814 5730 cubi·
