4458 6674
915 680 1005 730 anm
1023 679 1100 733 1h07.

232 769 1359 778 *mm—..m

231 889 382 952 Iacobum
410 889 524 952 salsum
549 893 710 954 notarium
734 890 918 973 appellavit,
942 891 1053 954 dicens
1077 905 1110 955 et
1126 913 1276 956 asserens
1292 895 1397 972 ipsum
1415 893 1602 958 falsificasse
1620 896 1782 975 quoddam

231 1007 463 1060 testamentum
487 995 565 1060 olim
589 997 726 1060 Hannus
749 1001 886 1060 sartoris
907 1010 941 1062 et
966 1000 1072 1080 ipsum
1097 1000 1194 1062 luisse
1218 1000 1390 1082 expulsum
1415 1002 1457 1062 de
1477 1002 1598 1064 diocesi
1615 1000 1784 1064 Wladisla·

231 1105 340 1174 viensi,
357 1104 432 1166 licet
449 1102 527 1166 false
544 1118 576 1166 et
593 1106 698 1166 minus
714 1107 805 1168 iuste.
823 1104 1062 1186 Quamquidem
1081 1109 1225 1168 iniuriam
1243 1118 1275 1168 et
1293 1107 1457 1168 infamiam
1475 1109 1516 1169 ad
1533 1109 1674 1168 animum
1692 1128 1783 1170 revo-

231 1211 335 1274 cando
358 1212 528 1273 extimavit
553 1213 594 1272 ad
612 1209 638 1273 C
654 1212 792 1274 ducatos
817 1215 887 1293 puri
911 1215 1011 1275 auri..
1038 1227 1153 1293 petens
1177 1217 1282 1294 ipsum
1308 1216 1338 1274 in
1356 1213 1478 1276 eisdem
1501 1217 1629 1276 racione
1646 1216 1785 1276 emende

230 1315 465 1396 condempnari
488 1328 522 1380 et
540 1317 580 1380 ad
598 1319 815 1381 revocandum
833 1319 962 1399 publice
985 1321 1017 1379 in
1033 1321 1183 1390 ambone,
1208 1321 1291 1382 sicut
1309 1321 1437 1398 publice
1454 1320 1628 1387 infamavit.
1653 1323 1726 1403 cogi
1751 1332 1785 1382 et

231 1425 392 1504 compelli.
428 1424 470 1486 Et
494 1424 615 1487 ibidem
640 1423 786 1505 prefatus
810 1425 956 1488 Zuchora
989 1427 1130 1489 obtinuit
1154 1429 1325 1488 terminum
1350 1426 1549 1489 deliberandi
1574 1427 1615 1488 ad
1641 1431 1785 1512 primam.

337 1530 420 1594 Item
444 1543 561 1592 contra
583 1531 723 1594 eundern
755 1533 939 1612 proposuit,
976 1535 1064 1610 quod
1096 1536 1242 1612 quamvis
1272 1534 1389 1594 domus
1421 1533 1537 1612 prelati
1570 1534 1678 1596 iacobi
1702 1536 1786 1596 inter

231 1639 347 1700 domos
379 1636 587 1717 providorum
612 1637 746 1700 Thabor
778 1652 811 1700 et
835 1639 1023 1719 Noszylslry
1048 1641 1110 1701 sita
1142 1660 1185 1734 ex
1208 1641 1273 1701 suis
1297 1641 1486 1720 parentibus
1518 1639 1668 1702 videlicet
1693 1649 1785 1721 patre

231 1756 264 1807 et
288 1755 392 1806 matre
416 1764 435 1806 a
459 1744 590 1806 diutinis
613 1745 817 1826 temporibus
841 1745 882 1808 sit
907 1747 937 1806 in
961 1746 1049 1807 bono
1081 1755 1115 1806 et
1139 1745 1289 1808 laudabili
1314 1745 1438 1808 honore
1462 1759 1495 1808 et
1519 1749 1701 1809 successive
1726 1765 1785 1827 per

231 1854 335 1933 ipsum
360 1861 562 1926 conservata,
586 1863 685 1932 prout
700 1851 763 1914 hoc
780 1852 893 1914 vicinis
915 1862 947 1914 et
964 1851 1115 1914 omnihus
1139 1853 1312 1932 oppidanis
1336 1854 1367 1913 in
1385 1852 1551 1914 Poltowslr
1575 1853 1784 1926 morantibus,

231 1969 328 2038 prout
351 1969 385 2022 et
408 1957 537 2040 prelato
560 1957 709 2019 Zuchora
732 1959 905 2020 constabat
929 1968 963 2020 et
986 1969 1123 2030 constat,
1149 1957 1371 2020 nichilominus
1395 1969 1505 2020 tamen
1528 1960 1612 2020 idem
1638 1956 1784 2020 Zuchora

231 2066 334 2146 magis
364 2085 403 2128 ac
427 2065 531 2145 magis
555 2065 660 2127 eidem
684 2063 805 2126 lacobo
837 2065 977 2126 iniuriari
1001 2065 1114 2127 volens
1138 2065 1286 2145 superius
1317 2066 1489 2145 descriptis
1521 2085 1585 2128 non
1611 2075 1785 2127 contentus

231 2172 382 2237 iniuriis..
407 2189 494 2234 anno
517 2173 634 2233 eodem
659 2172 711 2234 die
735 2184 824 2235 certa
847 2171 917 2234 lulii
947 2171 966 2234 f.
991 2171 1035 2234 lll
1059 2183 1136 2235 ante
1162 2173 1401 2254 Margarethe..
1426 2174 1532 2235 eidem
1557 2173 1677 2235 Iacobo¹
1702 2173 1784 2234 foca·

231 2280 319 2351 riam,
351 2297 414 2358 que
439 2279 540 2359 ipsius
563 2281 667 2342 sorori
699 2289 732 2340 et
755 2289 873 2342 anteea
904 2281 1016 2341 vicinis
1048 2280 1193 2342 eiusdem
1226 2278 1427 2361 permultos
1451 2300 1554 2342 annos
1585 2281 1726 2342 hicidem
1751 2282 1783 2340 in

233 2385 401 2448 Poltuwsk
424 2386 556 2448 servivit
579 2386 724 2459 honeste,
752 2383 841 2446 nullo
864 2385 931 2446 iure
955 2405 1054 2466 super
1078 2385 1284 2448 inhonestate
1308 2387 1482 2466 presertim¹
1505 2387 1536 2447 in
1560 2387 1660 2448 domo
1683 2387 1785 2466 ipsius

231 2493 356 2574 prefata
372 2493 564 2565 convictam,
589 2513 607 2552 a
624 2494 734 2572 precio
758 2503 791 2553 et
808 2494 944 2554 servicio
962 2513 1019 2572 per
1036 2513 1112 2554 suos
1136 2491 1274 2554 famulos
1292 2495 1431 2554 civitatis
1456 2493 1615 2556 violenter
1634 2495 1666 2554 in
1684 2494 1785 2554 domo

231 2601 376 2662 eiusdem
399 2599 504 2662 adhuc
527 2601 771 2662 recumbentem
796 2609 829 2660 et
852 2601 883 2660 vi
907 2600 1007 2680 recipi
1031 2601 1122 2662 iussit
1147 2607 1180 2661 et
1204 2600 1370 2662 mandavit
1394 2609 1427 2662 et
1451 2600 1566 2662 eadem
1591 2613 1725 2680 recepta
1741 2599 1786 2661 ad'
1812 2587 1818 2608 '

231 2727 392 2770 carcerem
418 2707 491 2768 duci
515 2718 549 2769 et
572 2706 703 2768 demum
727 2706 768 2768 de
792 2725 923 2768 carcere
947 2707 1064 2768 educta
1088 2707 1129 2768 ad
1146 2707 1253 2768 locum
1277 2707 1504 2778 inhonestatis,
1526 2708 1604 2768 alias
1621 2705 1783 2787 praglerr,

231 2816 308 2896 poni
332 2827 365 2876 et
389 2815 487 2876 statui
511 2816 603 2876 iussit
626 2825 660 2876 et
683 2816 715 2874 in
733 2833 846 2876 manus
870 2815 1003 2876 tortoris
1025 2814 1114 2875 iussu
1138 2830 1197 2875 suo
1222 2814 1305 2888 tra-di
1330 2815 1514 2894 procuravit
1539 2825 1573 2877 et
1596 2815 1784 2875 decivitate

231 2940 289 3003 per
312 2931 471 2984 tortorem
504 2939 562 3000 per
586 2921 805 2983 atrocissimas
836 2921 1064 3001 percussiones
1095 2918 1169 2982 licet
1192 2921 1298 2982 minus
1325 2921 1408 2982 iuste
1439 2922 1473 2982 in¹
1495 2913 1636 2982 dedecus
1667 2920 1785 2982 domus

231 3031 374 3092 eiusdem
405 3027 514 3089 iacobi
548 3024 745 3112 [expelleret
782 3047 856 3090 curn
887 3026 1038 3089 hocidem
1070 3025 1188 3088 domus
1212 3045 1270 3088 sna
1302 3029 1429 3107 etipse
1456 3025 1593 3089 lacobus
1624 3036 1658 3088 et
1681 3029 1784 3087 eciam

231 3136 359 3219 prelata
382 3135 517 3204 focaria,
543 3137 715 3214 presertim
739 3135 815 3196 dum
840 3135 871 3195 in
895 3135 996 3195 domo
1019 3135 1120 3214 ipsius
1144 3143 1316 3207 manserat,
1342 3151 1407 3195 non
1431 3134 1625 3214 promeruit;
1647 3135 1785 3194 extimat

231 3243 395 3306 infamiam
420 3256 452 3304 et
476 3243 625 3303 iniuriam·
646 3241 706 3304 sihi
730 3250 764 3303 et
788 3241 898 3304 domui
922 3261 988 3313 sue,
1013 3242 1085 3321 ipso
1108 3251 1186 3303 tunc
1210 3241 1252 3302 ab
1276 3242 1401 3321 oppido
1426 3239 1623 3302 Poltoviensi
1648 3239 1786 3302 absente

231 3361 264 3414 et
287 3349 407 3412 curiam
432 3348 508 3409 Rmi
532 3349 588 3409 dni
611 3347 768 3429 Episcopi
791 3351 984 3428 insequente
1008 3365 1111 3428 usque
1134 3348 1170 3408 in
1192 3345 1398 3422 Slothoriam,
1433 3345 1667 3428 [irrogataml..
1691 3347 1733 3408 ad
1758 3345 1784 3408 C

231 3456 372 3519 ducatos·
391 3457 463 3536 puri
487 3457 587 3517 auri..
613 3464 730 3535 petens
754 3457 860 3536 ipsum
877 3457 1006 3516 racione
1024 3453 1209 3516 huiusmodi
1232 3453 1520 3516 dehonestacionis
1543 3454 1644 3534 ipsius
1661 3454 1784 3527 domus,

231 3583 303 3626 curn
337 3565 379 3626 de
403 3562 541 3625 honesta
575 3560 782 3625 inhonestam
813 3561 897 3637 lecit,
932 3562 1165 3641 condempnari
1196 3570 1229 3622 et
1261 3561 1303 3623 ad
1326 3560 1525 3622 solucionem
1557 3576 1617 3641 pro
1648 3559 1785 3622 emenda

232 3691 358 3734 necnon
381 3671 423 3732 ad
447 3671 722 3752 expurgacionem
745 3671 863 3732 domus
887 3677 920 3730 et
936 3687 1116 3730 econverso
1141 3669 1388 3740 honestandam,
1413 3677 1447 3730 ut
1471 3677 1547 3729 ante
1565 3666 1631 3738 luit,
1658 3666 1785 3747 publice

231 3790 264 3842 et
287 3777 404 3860 palam,
436 3788 471 3839 ut
495 3777 673 3852 infamavit,
705 3778 779 3858 cogi
811 3787 844 3838 et
868 3777 1028 3856 compelli.
1068 3775 1111 3837 Et
1135 3775 1255 3839 ibidem
1287 3775 1434 3857 prelatus
1466 3773 1615 3836 Zuchora
1646 3773 1785 3836 obtinuit

230 3887 402 3952 terminum
427 3884 690 3947 deliberatorium
714 3885 850 3966 primam
876 3884 950 3945 iuris
967 3883 1154 3944 immediate
1179 3893 1371 3964 sequentem
1396 3879 1546 3944 videlicet
1566 3880 1678 3942 leriam
1695 3877 1786 3941 IV¹²¹²¹

231 4005 308 4075 post
332 3991 449 4056 festum
474 4013 498 4054 s.
522 3991 640 4053 Iacobi.

339 4095 429 4164 253.
453 4099 606 4180 (Ibidem).
631 4098 666 4159 Iu
691 4117 787 4161 causa
811 4097 1021 4161 honestarum
1046 4097 1224 4170 Elizabeth,
1249 4096 1418 4178 liedvigis,
1441 4094 1660 4176 Margarethe,
1683 4093 1786 4155 Doro·

231 4207 307 4270 thee
332 4217 365 4269 et
388 4205 558 4268 Elisabeth
585 4204 762 4276 mulierum,
796 4225 874 4288 mgr.
900 4205 1058 4267 Albertus
1089 4205 1129 4265 de
1154 4201 1356 4266 Gorlrovicze
1390 4213 1582 4284 procurator
1613 4221 1655 4262 ex
1678 4198 1786 4262 officio

232 4314 326 4376 dictis
358 4313 543 4374 mulieribus
567 4311 696 4374 datus..
720 4313 750 4372 in
775 4311 945 4392 presencia
977 4311 1100 4392 providi
1126 4309 1273 4372 Zuchora
1297 4307 1449 4372 Stanislai
1481 4309 1583 4370 verbo
1608 4309 1786 4388 proposuit,

232 4421 321 4502 quod
346 4421 494 4500 quamvis
517 4421 558 4480 d'e
583 4422 650 4480 iure
675 4437 772 4480 nemo
795 4421 906 4480 statim
930 4429 1102 4480 aecusatus
1126 4418 1167 4478 ad
1191 4417 1371 4497 simplicem
1396 4420 1464 4478 eius
1488 4417 1706 4478 assercionem
1732 4435 1786 4495 pu·

232 4529 323 4602 nitur,
356 4528 415 4589 nisi
447 4527 636 4588 criminosus
668 4525 975 4594 iure·convincitur,
1012 4523 1156 4604 prefatus
1187 4523 1365 4585 Stanislaus
1390 4522 1538 4584 Zuchora
1569 4522 1632 4584 hoc
1656 4523 1786 4582 minime

232 4634 443 4708 attendendo,
475 4631 751 4694 contraveniendo
775 4633 918 4692 omniurn
944 4632 1056 4692 iurium
1081 4630 1355 4710 disposicionibus
1380 4639 1412 4690 et
1436 4630 1495 4690 iuri
1520 4627 1693 4698 Culmensi,
1719 4645 1784 4707 quo

232 4745 337 4816 utitur,
363 4740 507 4822 prelatas
532 4738 681 4800 mulieres
705 4757 790 4799 annu
807 4739 953 4819 presenti
979 4738 997 4800 f.
1025 4747 1057 4818 3⁸
1081 4747 1156 4799 ante
1180 4736 1299 4799 festum
1324 4755 1347 4797 s.
1366 4736 1575 4816 Margarethe
1600 4755 1618 4796 a
1642 4735 1786 4796 serviciis

232 4859 266 4910 et
290 4848 412 4928 precio:
444 4847 522 4908 alias
546 4865 656 4906 earum
681 4846 841 4907 habentes
864 4847 1004 4906 maritos
1031 4855 1064 4907 et
1088 4845 1166 4906 alias
1196 4864 1214 4904 a
1240 4843 1347 4904 multis
1371 4845 1463 4905 annis
1486 4843 1538 4905 hic
1561 4845 1593 4903 in
1618 4841 1785 4902 Poltowslr

232 4963 397 5017 morant-es
421 4961 454 5015 et
482 4955 548 5015 suis
575 4952 738 5014 laboribus
762 4953 901 5033 propriis
924 4951 1061 5013 honeste
1087 4961 1223 5022 utentes,
1248 4949 1426 5010 secundum
1450 4951 1536 5030 quod
1554 4950 1628 5011 sinit
1645 4949 1784 5010 humana

232 5059 395 5142 fragilitas,
419 5069 516 5140 prout
540 5060 607 5121 sub
624 5061 760 5136 imperio
785 5071 817 5121 et
842 5069 968 5120 rectura
991 5079 1029 5119 ac
1046 5058 1286 5138 gubernacione
1311 5058 1448 5119 civitatis
1473 5056 1647 5119 multorum
1672 5057 1783 5138 prede·

231 5185 395 5230 cessurum
421 5165 648 5247 preconsulum
673 5165 749 5226 dicti
773 5163 919 5226 Zuchora
944 5167 1022 5227 satis
1043 5166 1116 5225 iuris
1141 5166 1316 5244 peritorum
1342 5176 1376 5227 et
1400 5167 1505 5247 magis
1527 5165 1612 5225 dicte
1637 5163 1784 5226 mulieres

231 5275 262 5336 in
286 5275 429 5336 serviciis
460 5275 547 5334 etin
573 5275 711 5354 propriis
744 5273 907 5333 laboribus
940 5291 1001 5353 pro
1024 5274 1206 5334 commodo·
1232 5283 1265 5333 et
1289 5271 1428 5334 utilitate
1460 5271 1697 5351 oppidanorum
1722 5289 1783 5330 ser·

231 5381 362 5443 vicbant
386 5392 418 5441 et
435 5381 624 5456 manebant;
651 5379 795 5458 prefatus
821 5399 898 5440 vero
922 5379 1069 5440 Zuchora
1092 5380 1206 5441 volens
1232 5380 1334 5459 magis
1358 5381 1496 5448 racione,
1521 5395 1616 5457 quarn
1643 5378 1691 5437 sui
1715 5395 1783 5455 pre·

231 5489 421 5551 decessores
446 5489 523 5549 uti..
549 5489 679 5548 easdem
714 5487 754 5547 d'e
780 5487 929 5548 domibus
953 5486 1194 5547 habitacionurn
1228 5497 1260 5547 et
1286 5487 1492 5546 serviciorurn
1526 5483 1611 5545 nulla
1636 5483 1783 5543 informa·

231 5597 323 5658 cione
355 5615 451 5674 super
476 5593 605 5655 infamia
639 5579 784 5673 ipsarum
814 5593 938 5655 habita*
956 5603 988 5653 et
1014 5603 1156 5672 recepta,
1191 5613 1249 5654 nec
1274 5595 1476 5653 examinatas
1501 5609 1558 5671 per
1581 5601 1692 5662 testes,
1727 5605 1785 5668 per

231 5721 308 5764 suos
332 5681 511 5763 familiares
527 5704 667 5763 civitatis
692 5703 721 5761 vi
739 5713 771 5762 et
790 5701 949 5761 violenter
973 5701 1044 5780 capi
1062 5712 1093 5762 et
1112 5701 1301 5760 incarcerari
1319 5719 1445 5759 necnon
1471 5699 1502 5758 in
1521 5718 1634 5758 manus
1652 5695 1783 5758 tortoris
