4392 6672
805 675 982 724 ΑΝΝοκυΜ
1004 673 1189 728 letti-1449.

438 882 479 945 A.
511 887 600 961 1448,
625 883 829 963 Septembris
852 904 882 963 4,
907 889 944 946 in»
964 885 1095 949 Gor-zuo
1119 889 1151 948 in
1175 889 1263 953 curia
1287 889 1473 969 episcopali.

333 986 369 1054 5.
393 989 491 1069 (Acta
515 992 612 1070 episc.
631 991 685 1071 1)..
710 993 828 1054 Rmo..
854 994 918 1054 dno
937 992 1035 1055 Paulo
1060 996 1216 1074 episcopo
1235 994 1382 1058 Plocensi
1407 996 1553 1057 iudicio..
1581 997 1774 1076 presidente,

227 1095 345 1158 nobilis
369 1097 530 1158 lohannes
554 1097 739 1178 Dlugosch,
772 1102 889 1160 incisor
920 1102 1025 1162 curiae
1051 1101 1261 1181 episcopalis,
1295 1112 1408 1166 contra
1440 1103 1580 1164 nobilem
1606 1103 1775 1176 Nicolaum

226 1204 266 1264 de
291 1203 517 1283 Rokythnicza
542 1206 793 1266 subvertatorem
819 1216 905 1266 terre
930 1205 1142 1268 Dobrinensis
1168 1206 1422 1287 familiaremque
1454 1211 1597 1272 eiusdem
1624 1213 1676 1275 dui
1704 1211 1776 1292 Epi·

225 1313 315 1390 scopi
341 1312 474 1372 citatum
500 1314 672 1392 proposuit
700 1333 758 1390 pro
782 1311 814 1374 V
839 1317 1012 1392 sexagenis
1037 1325 1069 1374 et
1094 1313 1159 1374 XX
1183 1335 1238 1393 gr..
1264 1335 1324 1394 pro
1349 1315 1465 1394 quibus
1489 1318 1568 1380 alias
1592 1319 1696 1380 eidem
1722 1338 1775 1388 nof

225 1416 278 1478 bili
303 1417 471 1498 Dlugosch
498 1439 556 1495 pro
575 1421 716 1498 quodam
742 1419 840 1479 nobili
866 1419 986 1484 Iacobo
1006 1419 1201 1482 Crolroczslri
1228 1425 1314 1482 cavit
1337 1433 1370 1482 et
1388 1421 1617 1486 fideiussitbic
1642 1427 1777 1486 incuria

225 1525 361 1605 predicti
386 1525 440 1586 dni
464 1527 610 1606 episcopi
645 1525 816 1592 Plocensis,
849 1538 965 1605 petens
997 1529 1101 1606 ipsum
1135 1539 1289 1607 tanquam
1323 1527 1509 1596 familiarem
1542 1531 1595 1591 dni
1620 1530 1776 1610 Episcopi

224 1631 375 1710 compelli
400 1631 441 1692 ad
459 1631 662 1693 solvendum.
690 1633 739 1694 lxx
755 1633 895 1694 adverso
919 1633 1065 1712 prefatus
1091 1633 1205 1696 nobilis
1230 1633 1392 1708 Nicolaus,
1416 1637 1616 1700 subvenator
1640 1637 1772 1698 etiami

225 1735 309 1798 liaris
340 1737 568 1819 episcopalis..
600 1739 771 1802 consessus
794 1751 845 1800 est
876 1762 911 1801 se
945 1761 1004 1820 pro
1029 1741 1143 1802 eodem
1175 1739 1270 1801 nobili
1297 1741 1417 1802 lacobo
1450 1764 1508 1821 pro
1540 1744 1628 1804 dicta
1651 1763 1776 1812 summa

224 1847 349 1906 cavisse
373 1855 406 1907 et
425 1843 619 1909 fideiussisse
644 1847 748 1908 eidem
768 1848 864 1908 nobili
891 1847 1076 1927 Dlugossio
1101 1848 1144 1909 Et
1160 1847 1309 1908 dominus
1328 1850 1434 1909 audita
1452 1851 1554 1929 ipsius
1570 1851 1776 1917 consessione

225 1953 392 2014 mandavit
416 1973 474 2032 per
498 1972 594 2016 suam·
614 1956 812 2016 sentenciam
838 1954 1040 2016 diffinitivam
1074 1957 1113 2016 de
1139 1955 1273 2020 consilio
1298 1957 1502 2018 dominorum
1536 1959 1653 2018 iudicio
1678 1959 1775 2036 presi·

225 2059 374 2120 riencium
410 2061 501 2122 iuxta
537 2062 669 2121 modurn
707 2074 739 2123 et
775 2062 1133 2122 consuetudinem
1170 2063 1277 2122 iuris
1312 2081 1385 2123 sue
1422 2065 1537 2124 curie
1577 2065 1774 2124 solucionem

226 2165 369 2244 predicte
393 2186 518 2227 summe
543 2169 582 2228 ad
608 2167 699 2230 Xllll
724 2169 793 2229 dies
818 2167 926 2228 facere
949 2180 982 2230 et
1007 2169 1198 2249 impendere
1223 2168 1400 2247 Dlugossio
1426 2171 1572 2248 predicto
1605 2171 1665 2230 snb
1691 2190 1775 2248 pena

111 2325 116 2336 .
219 2272 534 2350 prantlrdzesarrnllz3
558 2295 656 2354 super
680 2296 745 2354 quo
769 2275 855 2338 idem
882 2274 1075 2354 Dlugossius
1100 2275 1317 2339 adiudicatum
1343 2276 1472 2337 solvit..

439 2464 481 2526 Α.
513 2467 605 2542 1448,
630 2464 785 2528 Octobris
807 2485 837 2544 4,
863 2469 892 2527 in
919 2466 1087 2528 Poltowsk
1113 2467 1141 2528 in
1166 2469 1253 2528 curia
1277 2469 1465 2549 episcopali.

332 2587 368 2654 6.
392 2590 491 2668 (Acta
515 2592 612 2670 episc.
638 2591 692 2672 l)..
719 2593 837 2654 Rmo..
854 2594 920 2653 dno
938 2592 1038 2654 Paulo
1055 2594 1213 2672 episcopo
1238 2593 1393 2662 Plocensi,
1418 2594 1565 2656 iudicio..
1591 2595 1775 2673 presidente

225 2699 255 2757 iu
281 2717 378 2759 causa
402 2698 514 2761 honor.
541 2699 594 2759 dni
619 2699 754 2772 Allexii,
787 2700 935 2763 canonici
970 2700 1195 2772 Poltoviensis,
1229 2710 1343 2762 contra
1367 2701 1464 2764 dnum
1489 2701 1642 2768 abbatem
1668 2719 1775 2769 mona-

225 2806 314 2866 sterii
345 2825 368 2866 s.
394 2805 568 2868 Adalberti
601 2809 631 2866 in
655 2821 763 2868 castro
788 2806 944 2876 Plocensi,
977 2807 1151 2870 canonicus
1185 2809 1363 2886 proposuit,
1397 2807 1565 2888 quomodo
1597 2807 1668 2888 ipse
1693 2805 1776 2888 dnus

225 2911 326 2972 abbas
358 2923 390 2974 et
415 2923 606 2992 procurator
630 2933 706 2974 suus
738 2913 806 2976 sive
831 2913 1011 2977 decimator
1043 2934 1146 2992 nuper
1174 2933 1259 2977 anuo
1285 2917 1425 2992 presenti
1461 2911 1644 2978 bominibus
1676 2913 1777 2992 ipsius

224 3019 370 3080 canonici
395 3019 436 3080 de
460 3018 555 3100 Boby
580 3022 776 3100 tempestive
800 3021 962 3082 decimare
987 3020 1088 3082 noluit
1112 3023 1220 3100 sepius
1244 3023 1367 3100 petitus
1391 3041 1449 3100 per
1465 3019 1599 3082 eosdem
1624 3031 1658 3080 et
1674 3021 1776 3098 requi·

225 3127 318 3194 situs,
350 3145 520 3206 quousque
552 3129 640 3192 idern
673 3125 869 3188 kmetbones
905 3128 1122 3206 promiserunt
1146 3127 1206 3188 sibi
1239 3126 1278 3186 de
1303 3129 1389 3206 agris
1420 3127 1622 3206 predialibus,
1648 3126 1776 3188 abbatis

226 3233 387 3296 frumenta
410 3234 441 3294 in
458 3253 569 3296 orcum
595 3236 755 3308 inducere,
782 3254 989 3314 perquam..
1014 3235 1287 3296 inadvertenciam
1312 3234 1446 3297 abbatis,
1464 3245 1497 3296 et
1523 3232 1681 3298 laetorum
1705 3253 1775 3308 suo

224 3361 293 3401 rurn
318 3341 480 3403 frumenta
503 3341 717 3404 kmetbonum
742 3352 816 3404 sunt
841 3343 1004 3404 destructa
1031 3361 1088 3420 per
1112 3339 1253 3419 pluviam
1279 3352 1312 3403 et
1338 3339 1545 3417 annichilata3
1569 3353 1602 3402 et
1626 3340 1686 3402 hiis
1711 3361 1776 3414 noa

224 3459 400 3510 contentus
424 3451 534 3528 coegit
558 3459 591 3510 et
614 3450 772 3528 compulit
797 3451 888 3529 ipsos
913 3448 1109 3510 kmetbones
1133 3448 1175 3508 ad
1200 3448 1380 3526 parandum
1405 3466 1542 3508 acervos
1567 3447 1627 3509 sibi
1660 3449 1690 3508 in
1714 3447 1777 3508 alia

225 3555 404 3617 hereditate
429 3556 580 3617 videlicet
604 3559 636 3616 in
653 3555 875 3636 Chmyelew0‚
899 3556 1149 3616 contraveniens
1173 3556 1340 3618 sentencie
1364 3555 1505 3616 arbitrali
1531 3576 1591 3634 per
1609 3556 1775 3618 dominum

225 3661 297 3736 late,
333 3663 482 3728 iniuriam¹
512 3681 670 3724 revocans
698 3684 715 3722 a
741 3663 888 3742 quolibet
919 3662 1097 3724 knrethone
1130 3681 1276 3724 seorsum
1310 3659 1351 3722 ad
1376 3661 1390 3722 l
1414 3682 1625 3742 sexagenum,
1659 3673 1776 3742 petens

225 3769 331 3848 ipsum
354 3769 508 3832 abbatem
534 3769 686 3850 compelli
710 3771 751 3830 ad
776 3770 968 3832 solvendum
993 3780 1027 3831 et
1052 3770 1082 3829 in
1107 3789 1192 3849 pena
1216 3767 1336 3833 vallata
1359 3767 1625 3848 condempnari..

438 3960 481 4024 A.
511 3979 601 4042 1449,
627 3962 792 4024 Februarii
822 3961 867 4037 18,
892 3964 923 4023 in
948 3962 1115 4025 Poltowsk
1138 3963 1170 4022 in
1195 3962 1283 4023 curia
1307 3961 1495 4048 episcopali.

333 4084 368 4152 7.
393 4088 493 4169 (Acta
516 4089 614 4168 episc.
640 4089 698 4170 ll..
723 4089 843 4152 Rmo..
869 4089 970 4150 dno..
995 4087 1095 4148 Paulo
1128 4089 1286 4168 episcopo
1310 4086 1472 4160 Plocensi,
1505 4087 1654 4148 iudicio..
1679 4087 1776 4166 presi·

226 4194 331 4265 dente,
364 4197 395 4254 in
420 4213 517 4256 causa
549 4195 666 4256 nobilis
698 4195 822 4256 Nicolai
848 4193 888 4256 de
912 4193 1104 4256 Smlodowo
1137 4205 1251 4256 contra
1281 4193 1424 4256 nobilem
1457 4191 1624 4256 Elizabeth
1653 4193 1776 4264 Mathie

226 4302 265 4364 de
291 4301 476 4382 Czyszeivo,
512 4303 626 4364 iudicis
650 4301 815 4372 Nurensis,
847 4301 972 4382 prelata
1004 4303 1137 4362 domina
1166 4323 1210 4363 ex
1233 4301 1388 4362 mandato
1420 4301 1575 4362 domini..
1604 4301 1776 4380 purgando

225 4429 315 4470 suam
342 4410 563 4470 innocenciam
589 4419 622 4470 et
640 4408 757 4470 lamam
776 4429 835 4488 per
852 4411 972 4470 dictum
992 4410 1142 4470 maritum
1159 4429 1286 4470 suurn..
1310 4409 1513 4487 denigratam
1539 4408 1663 4480 iuravit,
1688 4407 1774 4487 quod

225 4518 256 4577 in
273 4514 342 4587 hiis,
367 4517 407 4576 de
425 4516 541 4596 quibus
566 4515 728 4596 inculpata
754 4516 811 4580 fuit
836 4537 894 4596 per
919 4516 1078 4596 prelatum
1104 4517 1253 4580 maritum
1278 4536 1380 4586 suum,
1406 4517 1562 4579 innocens
1586 4513 1643 4576 fuit
1668 4527 1701 4579 et
1717 4526 1776 4578 est.

225 4623 268 4684 Er
292 4622 412 4684 ibidem
446 4643 506 4702 pro
532 4624 643 4684 maiori
676 4635 709 4684 et
734 4623 877 4686 lucidiori
913 4625 1111 4703 purgacione
1142 4625 1243 4702 ipsius
1276 4622 1401 4686 nobiles
1433 4623 1564 4684 domine
1596 4621 1776 4684 Katherina

225 4728 451 4796 Sivanthoslai.
476 4729 656 4792 Katherina
673 4730 825 4796 lobannis
850 4731 889 4790 de
908 4731 1121 4803 Dmochowo,
1150 4728 1317 4790 Dorothea
1333 4730 1374 4790 de
1392 4727 1617 4806 Godlewo..¹)
1641 4747 1776 4791 consors

227 4835 377 4898 lobannis
401 4835 442 4898 de
467 4837 734 4912 Kantbiewo..²l
758 4837 987 4898 Broniscbewa
1019 4837 1060 4900 de
1084 4837 1203 4898 ibidem
1228 4837 1329 4913 etsi)
1354 4834 1460 4896 lacobi
1486 4855 1569 4896 uxor
1596 4833 1775 4905 Katherina

225 4943 265 5006 de
283 4942 491 5005 Gladczino..
516 4944 710 5014 iuraverunt,
736 4943 824 5023 quod
842 4944 976 5005 credunt
1000 4945 1120 5007 dictam
1146 4942 1242 5004 dnam
1262 4941 1430 5003 Elizabeth
1448 4941 1574 5018 deluis,
1600 4943 1776 5024 dequibus

225 5047 387 5129 inculpata
412 5049 516 5110 luerat
541 5072 598 5129 per
616 5053 717 5110 virum
742 5070 843 5120 suum,
868 5052 950 5112 iuste
975 5064 1008 5112 et
1026 5063 1137 5112 sancte
1162 5051 1292 5112 iurasse.
1318 5049 1360 5110 Et
1376 5049 1526 5114 domiuus
1543 5050 1651 5114 audita
1675 5053 1777 5129 ipsius

225 5158 355 5218 domine
381 5159 579 5235 purgacione
603 5157 746 5218 decrevit
770 5169 803 5218 et
826 5179 883 5236 per
899 5160 1100 5220 sentenciam
1126 5177 1216 5219 suam
1243 5157 1475 5234 pronunciavit,
1501 5158 1589 5234 quod
1613 5157 1698 5218 idem
1725 5156 1776 5216 Ni·

225 5262 335 5324 colaus
361 5265 517 5342 prelatum
544 5265 637 5324 rlnam
665 5285 798 5324 uxorein
823 5285 913 5325 suam
939 5275 1092 5342 tanquam
1119 5265 1158 5323 dc
1183 5265 1405 5342 inculparionc
1430 5283 1487 5324 sua
1512 5265 1722 5330 innocentem.
1743 5277 1775 5328 et

226 5383 396 5452 purgatam
424 5371 463 5431 ad
481 5393 515 5431 se
541 5391 741 5432 reassumere
766 5369 899 5434 debebit
924 5384 956 5432 et
981 5374 1086 5450 ipsam
1111 5369 1276 5432 favoribus
1300 5371 1589 5442 matrimonialibus
1613 5373 1775 5450 prosequi,

227 5477 310 5540 lacta
333 5479 453 5558 prius..
480 5477 520 5539 de
546 5479 781 5558 indempnitate
806 5481 872 5540 vite
897 5480 998 5558 ipsius
1026 5479 1156 5538 domine
1180 5479 1334 5538 caucione
1359 5477 1563 5548 sufficienti..

333 5635 351 5698 ¹)
372 5633 391 5698 ²)
412 5633 431 5696 ⁸)
449 5637 547 5700 Kropki
569 5654 589 5682 w
604 5636 685 5685 triech
706 5635 762 5700 tyrii
783 5635 916 5700 miejscacb
937 5639 977 5684 nie
992 5638 1124 5701 oznaczajq
1144 5637 1257 5698 z'adnego
1272 5638 1436 5699 opuszczenia
1456 5635 1627 5698 dolrouanego
1648 5653 1669 5682 w
1684 5635 1777 5686 tekscie

225 5741 302 5788 praea-
315 5725 450 5789 wydewce,
471 5726 511 5773 ale
531 5727 647 5789 znajrlujq
666 5727 702 5790 sie
723 5743 744 5772 w
763 5742 858 5791 samyru
877 5727 1011 5790 relropisie.
