4392 6672
778 685 959 735 ANNORUM
980 683 1164 740 1467-1468.
1707 710 1744 772 3¹

198 894 396 974 assignato..
421 897 594 976 proposuit
617 905 731 957 contra
747 896 889 958 nobilem
914 896 1091 959 Iohannem
1116 899 1156 960 de
1175 898 1375 982 Glynnycze,
1401 902 1596 966 advocatum
1622 904 1651 964 in
1671 902 1748 966 Gro-

199 999 270 1072 delr,
296 1002 383 1081 quod
408 1001 484 1063 dum
510 1003 580 1082 ipse
605 1001 709 1064 Rmus
733 1014 826 1084 pater
850 1001 1020 1065 officialem
1045 1025 1137 1066 suum
1162 1006 1206 1067 ob
1230 1027 1294 1067 non
1325 1008 1592 1071 solucionem
1626 1009 1750 1072 ferto·

199 1127 288 1168 num
313 1107 354 1168 de
380 1108 467 1169 dicta
491 1110 665 1170 advocacia
691 1129 749 1188 per
765 1120 869 1172 totam
895 1123 1013 1172 terram
1039 1111 1186 1173 Mazovie
1210 1124 1245 1175 et
1268 1115 1447 1177 advocatos
1472 1117 1619 1197 episcopi
1643 1119 1674 1176 in
1700 1137 1749 1178 ea-

198 1214 270 1276 dem
289 1216 506 1278 consistentes
530 1214 611 1276 solvi
635 1217 861 1278 mandatorum
887 1226 920 1278 et
936 1220 998 1278 iam
1023 1219 1202 1280 solutorum
1228 1223 1333 1300 ipsum
1350 1221 1528 1283 Iohannem
1553 1224 1748 1285 advocatum

199 1324 371 1402 pignorare
403 1321 640 1395 demandasset,
677 1321 823 1401 prefatus
854 1323 1015 1386 lohannes
1047 1327 1226 1388 advocatus
1261 1328 1400 1409 pignora
1431 1332 1635 1409 repercussit.
1672 1331 1750 1392 alias

197 1427 325 1508 obronyl
339 1427 509 1508 gwaltem;
541 1431 668 1508 etipse
696 1431 875 1492 advocatus
907 1429 1068 1494 lohannes
1102 1452 1275 1511 persuum
1300 1433 1541 1514 prolocutorem
1574 1437 1692 1498 ibidem
1718 1438 1748 1496 in

199 1535 315 1596 iudicio
339 1537 470 1616 negavit
495 1545 655 1596 narrata..
681 1547 892 1614 procuratore
916 1536 971 1597 dni
996 1537 1150 1618 Episcopi
1176 1538 1333 1600 offerente
1358 1561 1392 1602 se
1417 1542 1632 1603 intencionem
1658 1561 1748 1603 suam

198 1641 407 1722 probaturum
434 1662 493 1720 per
515 1640 697 1708 officialem,
722 1642 771 1702 cui
797 1653 849 1704 est
872 1644 1078 1706 credendum.
1103 1645 1144 1705 Et
1169 1647 1252 1706 dnus
1275 1647 1373 1708 iudex
1398 1647 1579 1710 lasczoldus
1604 1649 1749 1727 prefatus

199 1747 429 1828 probacionem
456 1751 658 1828 procuratori
683 1749 736 1810 dni
761 1749 916 1831 Episcopi
943 1750 1024 1812 iufra
1048 1751 1074 1812 ll
1099 1755 1301 1832 septimanas
1326 1755 1474 1817 indixit..

410 1940 451 2003 A.
482 1940 572 2022 1467,
598 1941 794 2004 Novembris
822 1959 868 2021 13,
893 1946 923 2004 in
950 1941 1185 2006 Czarnostowo
1210 1946 1241 2006 in
1265 1949 1351 2006 curia
1375 1948 1562 2026 episcopali.

303 2061 365 2130 86.
389 2063 487 2144 (Acta
513 2067 610 2145 episc.
636 2067 689 2145 Il..
717 2069 824 2128 Rmi..
849 2067 903 2128 dni
927 2067 1068 2138 Stiborii,
1098 2071 1245 2150 episcopi
1269 2070 1434 2132 Plocensis
1459 2084 1650 2150 procurator
1674 2074 1745 2154 legi·

197 2173 294 2233 timus
319 2173 406 2251 apud
431 2182 504 2234 acta
528 2193 636 2234 coram
662 2194 714 2235 me
739 2175 934 2236 constitutus
959 2173 1074 2236 nobilis
1098 2176 1244 2255 Zambay
1276 2197 1333 2238 sue
1358 2177 1424 2238 Ptis
1449 2177 1613 2240 samiIiaris
1637 2199 1746 2240 coram

196 2280 351 2341 iudicibus
383 2280 547 2357 deputatis
572 2290 604 2342 et
627 2280 742 2342 locatis
767 2282 942 2342 secundum
976 2283 1080 2343 iuris
1111 2285 1341 2353 terrestris
1376 2287 1747 2359 consuetudinem,

197 2387 370 2448 venerabili
404 2386 555 2449 videlicet
588 2397 620 2448 et
644 2386 741 2448 nobili
768 2387 842 2448 viris
866 2387 938 2449 duis
963 2387 1064 2449 Paulo
1095 2390 1136 2450 de
1162 2387 1336 2469 Golinyno,
1372 2391 1576 2454 decretorum
1602 2394 1746 2464 doctore,

196 2497 353 2554 canonico
377 2487 526 2554 Plocensi
550 2507 583 2554 et
608 2496 777 2575 preposito
802 2494 1022 2556 Polthoviensi
1047 2515 1085 2556 ac
1103 2495 1221 2558 lacobo
1247 2498 1287 2556 de
1312 2496 1492 2572 Othoczno,
1517 2519 1574 2560 sue
1599 2499 1666 2561 Ptis
1684 2519 1747 2561 ma·

195 2601 297 2682 gistro
321 2603 489 2681 coquine..
515 2612 662 2662 contra..
689 2600 863 2662 Iohannem
887 2600 1115 2669 Goworlronis,
1140 2604 1336 2664 advocatum
1354 2605 1396 2665 de
1413 2603 1647 2687 Gosczcgewo,
1672 2604 1747 2668 villa

196 2728 309 2770 mense
340 2707 536 2788 episcopalis
573 2707 735 2768 Plocensis
766 2709 867 2770 verbo
893 2711 1071 2788 proposuit,
1107 2710 1274 2790 quomodo
1306 2713 1390 2800 ipse¹
1408 2711 1569 2774 Iohannes
1604 2713 1747 2775 existens

195 2815 373 2877 advocatus
405 2815 541 2876 ecclesie
571 2833 634 2875 non
660 2813 787 2875 adhoc
819 2825 854 2876 ut
880 2825 1005 2880 noceat.
1042 2816 1099 2876 sed
1133 2830 1166 2876 ut
1191 2837 1305 2896 pacem
1338 2817 1434 2879 faciat
1458 2819 1594 2881 ecclesie
1625 2830 1657 2880 et
1682 2821 1748 2880 suis

195 2921 386 2994 hominibus,
420 2923 451 2983 in
475 2923 605 2983 clvitate
629 2922 773 2983 eiusdem
799 2920 935 2984 ecclesie
959 2932 992 2983 et
1017 2943 1130 2984 mense
1156 2923 1270 3001 prefati
1303 2926 1402 3003 patris
1429 2925 1501 2986 Rmi
1527 2925 1746 2996 Polthowsko,

195 3030 225 3088 in
257 3039 290 3089 et
315 3029 486 3090 adversum
520 3025 713 3088 advocatum
750 3027 791 3089 de
822 3026 1011 3106 Skornycze
1042 3029 1116 3090 villa
1147 3028 1290 3093 similiter
1326 3030 1503 3112 episcopali
1535 3033 1747 3112 proclamavit

196 3133 306 3196 affines
331 3155 387 3196 seu
411 3136 673 3214 consanguineos
697 3155 775 3196 suos
798 3134 924 3196 nobiles
948 3132 1151 3198 Grzimali
1178 3157 1237 3216 pro
1256 3140 1473 3216 percuciendo
1497 3141 1569 3218 ipso
1593 3137 1633 3200 de
1651 3136 1747 3201 Skor-

196 3261 297 3320 nycze
321 3241 482 3304 advocato
507 3241 738 3316 ecclesiastico,
763 3244 810 3302 cui
828 3261 943 3322 pacem
961 3244 1074 3320 magis,
1099 3262 1195 3323 quam
1214 3242 1389 3324 periculum
1416 3263 1590 3323 procurare
1607 3257 1743 3314 tenetur,

197 3357 292 3426 prout
316 3367 408 3409 suum
433 3348 633 3429 prIvilegium
659 3348 835 3410 advocacie
859 3350 954 3413 canit.
979 3369 1040 3429 pro
1057 3370 1119 3429 qua
1136 3351 1311 3411 advocacia
1335 3352 1534 3413 ammitenda
1557 3351 1639 3412 dnus
1656 3351 1746 3432 Epis·

195 3475 297 3536 copus
321 3457 535 3534 conqueritur,
562 3466 677 3534 petens
701 3457 761 3517 sibi
784 3475 855 3517 eam
882 3456 924 3516 ob
941 3456 971 3515 id
988 3459 1111 3517 crimen
1134 3455 1309 3517 adiudicari
1333 3459 1509 3520 secundum
1535 3457 1746 3538 privilegium,

196 3561 235 3621 ad
260 3563 347 3640 quod
372 3583 408 3624 se
433 3563 517 3624 idem
545 3563 727 3643 Episcopus
759 3564 921 3639 extendit;
952 3575 985 3624 et
1010 3563 1071 3623 hoc
1105 3584 1164 3641 pro
1189 3565 1293 3644 prima
1317 3567 1475 3626 citacione
1508 3567 1746 3646 proposicIonis

195 3671 312 3748 posuit,
336 3669 415 3730 allas
439 3668 567 3730 wz'lozit

300 3775 381 3838 Item
407 3776 560 3847 secundo,
585 3777 672 3856 quod
698 3779 768 3858 ipse
791 3777 953 3838 Iohannes
977 3778 1123 3838 existens
1146 3779 1326 3840 advocatus
1350 3778 1486 3840 ecclesie
1511 3779 1594 3846 ville.
1625 3781 1657 3841 in
1682 3800 1746 3860 qua

194 3882 373 3944 advocatus
398 3893 447 3944 est
471 3883 636 3964 obligatus
659 3884 807 3946 homiues
832 3895 1004 3963 protegere
1036 3905 1099 3946 non
1125 3886 1171 3944 eis
1194 3885 1342 3960 iniuriari,
1374 3885 1499 3948 dlflidat
1532 3885 1665 3948 eosdem
1691 3887 1745 3947 ho-

193 3991 296 4050 mines
328 3991 369 4051 de
393 3988 619 4070 Gosczegewo
643 4011 679 4052 se
704 4010 928 4070 percussurum
962 3990 1113 4072 facitque,
1145 3995 1317 4072 quominus
1349 3994 1409 4070 ipsi
1441 3995 1473 4054 in
1497 3993 1648 4056 domibus
1680 3995 1745 4054 suis

194 4116 275 4176 pace
300 4108 333 4158 et
358 4099 466 4176 quiete
491 4099 594 4158 solitis
619 4097 762 4159 fruantur
794 4109 827 4159 et
851 4099 894 4159 ob
918 4097 950 4158 id
977 4099 1120 4176 petivit..
1147 4119 1204 4177 per
1228 4099 1350 4162 iudices
1381 4101 1422 4161 ad
1446 4102 1666 4181 privaciouem
1692 4103 1744 4164 ad·

192 4205 325 4265 vocacie
358 4206 457 4285 ipsius
481 4188 617 4285 prefate*
633 4206 778 4267 similiter
800 4207 934 4286 procedi
965 4207 1143 4268 secundum
1175 4207 1376 4287 privilegium
1408 4208 1584 4269 advocacie
1609 4207 1744 4287 prefate,

191 4311 233 4372 ad
259 4310 347 4390 quod
372 4332 408 4373 se
429 4313 579 4374 extendit
603 4314 687 4372 idem
713 4311 817 4373 Rmus
842 4324 942 4393 pater.
969 4313 1010 4375 Et
1033 4313 1075 4374 ibi
1101 4311 1262 4375 Iohannes
1286 4314 1431 4394 prefatus
1455 4315 1666 4376 advocatus.
1691 4335 1744 4395 pe·

192 4419 265 4479 tivit
289 4419 348 4478 sibi
373 4419 545 4480 terminum
571 4420 637 4478 dari
663 4418 703 4480 ad
728 4419 972 4480 deliberandum
998 4439 1056 4498 pro
1082 4421 1348 4501 respondendo..

410 4610 447 4672 A.
481 4610 571 4689 1468,
596 4610 731 4672 Ianuarii
758 4626 808 4691 27,
832 4613 864 4674 in
888 4611 1028 4692 Iunyecz
1052 4614 1081 4673 in
1108 4614 1192 4674 curia
1218 4612 1405 4694 episcopali,

299 4731 363 4799 87.
387 4725 483 4812 (Acta
507 4737 604 4815 episc.
629 4737 686 4816 Il..
711 4736 861 4798 Coram..
886 4737 952 4798 dno
976 4735 1120 4798 Stiborio
1144 4738 1302 4818 episcopo
1327 4739 1506 4800 Plocensi..
1532 4739 1648 4800 nobilis
1673 4739 1741 4801 Sta·

190 4839 311 4904 nislaus
335 4843 377 4903 de
403 4841 577 4914 Grodzecz,
602 4845 791 4924 capitaneus
814 4846 845 4904 in
870 4843 1086 4906 Zaeroczim..
1111 4847 1211 4908 citato
1235 4847 1377 4907 discreto
1402 4846 1534 4906 Andrea
1559 4847 1678 4908 vicario
1703 4847 1743 4908 de

188 4948 318 5010 Wrona
343 4969 400 5027 per
423 4949 537 5012 honor.
555 4951 761 5013 Leonardum
787 4949 960 5032 plebanum
985 4953 1017 5011 in
1034 4951 1229 5013 Maluzino..
1255 4963 1366 5014 contra
1391 4954 1529 5014 eundem
1555 4954 1655 5014 verbo
1672 4974 1743 5033 pro·

188 5056 309 5134 posuit,
334 5055 503 5137 quomodo
527 5057 684 5120 honestos
708 5057 865 5119 Mathiam
891 5057 970 5120 Sbilr
995 5059 1180 5120 wladarium
1206 5071 1239 5120 et
1256 5059 1432 5120 Iohannem
1458 5057 1570 5120 Cossel
1595 5057 1743 5121 kmetho·

188 5183 249 5224 nes
272 5165 314 5224 de
333 5163 455 5224 Wrona
470 5164 556 5225 idem
575 5164 726 5227 Andreas
751 5165 942 5244 presbiter..
967 5166 1125 5227 violenter
1148 5168 1307 5246 percussit
1324 5176 1356 5227 ct
1373 5166 1559 5234 vulneravit,
1584 5167 1627 5226 ob
1645 5186 1741 5245 quarn

186 5270 452 5332 vulneracIonem
485 5271 649 5332 hominurn
687 5271 904 5350 predictorum
933 5275 1048 5352 petivit
1072 5274 1130 5334 sibi
1156 5293 1272 5353 penam
1297 5272 1388 5352 byllze
1418 5276 1594 5334 secundum
1626 5285 1741 5335 terre

185 5378 550 5438 consuctudInem
576 5379 757 5446 adiudicari,
782 5378 922 5440 offerens
939 5399 974 5440 se
998 5379 1136 5466 scabinis
1160 5378 1336 5440 secundum
1362 5391 1446 5440 terre
1472 5381 1740 5442 consuetudinem

185 5484 411 5565 probaturum.
438 5485 480 5546 Et
498 5484 580 5547 dnus
598 5485 782 5564 Episcopus
799 5486 917 5546 auditis
934 5486 1138 5546 scabinorum
1164 5488 1339 5548 iuratorum
1357 5487 1627 5566 deposicionIbus,
1652 5487 1741 5566 quod

184 5592 344 5654 videlicet
367 5593 504 5653 viderint
530 5593 674 5654 vulnera:
706 5594 792 5672 apud
818 5591 973 5653 llllathiam
1000 5592 1186 5654 wladarium
1213 5593 1349 5653 viderint
1378 5595 1514 5673 digitum
1540 5593 1740 5655 vulneratum

184 5711 223 5760 et
248 5699 335 5779 apud
360 5699 536 5762 Iohannem
561 5703 663 5761 eciam
695 5701 725 5760 in
751 5701 859 5782 digitis
883 5698 1023 5770 vulnera,
1058 5700 1233 5761 secundum
1258 5711 1342 5760 terre
1366 5703 1632 5761 consuetudinem
1657 5704 1740 5780 capi-
