4458 6674
953 635 1044 685 ANNI
1068 635 1147 690 1509.

268 724 1779 736 *mum-m..-
1788 729 1817 738 ...

268 848 308 910 de
321 846 498 928 Nysczicze
515 845 680 909 castellani
697 846 882 927 Vysnensis
898 867 963 908 non
977 847 1147 928 parentis..
1165 849 1338 911 monitorio
1355 860 1469 912 contra
1484 851 1588 929 ipsum
1604 872 1660 932 per
1673 851 1820 914 Rmum..

268 956 365 1016 dnum
383 953 552 1015 Erasmum
578 955 768 1035 episcopum
793 952 983 1016 Plocensem
1008 956 1139 1016 decreto
1157 967 1189 1018 et
1206 967 1348 1018 executo
1369 959 1539 1020 occasione
1557 959 1680 1020 decime
1697 961 1728 1019 in
1746 958 1820 1019 villa

267 1059 433 1134 Srzebma,
461 1071 556 1140 prout
580 1060 658 1122 alias
681 1063 713 1122 in
738 1061 855 1124 eodem
880 1063 1053 1123 monitorio
1078 1066 1267 1132 continetur,
1293 1074 1409 1144 petens
1432 1065 1537 1143 ipsum
1562 1069 1744 1126 sentencias
1768 1087 1820 1126 ex·

268 1169 571 1230 communicacionis
587 1179 619 1230 et
636 1169 797 1231 interdicti
813 1168 963 1230 incidisse
979 1167 1140 1232 declarari.
1167 1170 1359 1232 Exadverso
1376 1191 1553 1250 generosus
1569 1171 1651 1232 dnus
1671 1171 1820 1233 Andreas

267 1275 460 1336 castellanus
486 1277 655 1338 Visnensis
679 1296 873 1356 comparens
899 1277 1028 1356 negavit
1052 1279 1159 1338 omnia
1184 1280 1213 1338 in
1236 1280 1420 1366 monitorio
1435 1289 1588 1340 contenta
1613 1279 1709 1340 luisse
1735 1299 1819 1352 vera,

267 1391 299 1442 et
323 1381 484 1464 allegavit,
517 1383 606 1463 quod
630 1383 704 1444 licet
728 1383 846 1444 dixerit
869 1382 976 1464 aliqua
1001 1384 1099 1445 verba
1123 1385 1164 1444 ad
1188 1383 1344 1446 Mathiam
1370 1386 1564 1446 advocatum
1597 1405 1690 1448 suum
1722 1406 1820 1464 super

268 1487 434 1550 locacione
458 1488 591 1560 decime,
617 1488 667 1548 illa
685 1488 768 1550 dixit
786 1510 848 1550 uon
867 1489 1042 1551 inhibendo
1058 1491 1162 1552 eidem
1181 1490 1388 1563 locacionern,
1414 1492 1472 1554 sed
1488 1491 1647 1554 duntaxat
1663 1492 1819 1553 avisando

267 1607 300 1656 et
325 1596 600 1674 precustodiendo
624 1597 771 1670 eundem,
797 1617 836 1658 ue
858 1617 916 1676 per
940 1597 1185 1678 terrigenas
1210 1600 1259 1660 ad
1283 1597 1439 1660 bellum
1465 1609 1620 1660 euntes
1645 1610 1686 1660 et
1709 1600 1821 1660 rede-

268 1711 391 1764 untes
422 1705 454 1764 in
478 1701 585 1783 aliquo
609 1703 786 1784 dampnum
811 1707 983 1768 occasione
1007 1705 1131 1766 decime
1156 1705 1302 1785 predicte
1326 1706 1426 1766 eciam
1453 1715 1484 1766 et
1508 1708 1541 1766 ln
1565 1707 1629 1766 suis
1654 1705 1820 1767 lrumentIs

268 1811 420 1889 paciatur,
438 1811 668 1890 mandavitque
680 1823 777 1893 prout
792 1813 924 1874 mandat
941 1822 974 1874 et
988 1822 1120 1892 paratus
1137 1821 1187 1874 est
1205 1810 1359 1872 mandare
1376 1812 1584 1874 kmetonibus
1601 1815 1666 1874 suis
1683 1832 1821 1890 exnunc,

269 1927 363 1997 prout
388 1930 517 1992 extunc,
542 1930 576 1980 ut
601 1921 662 2000 Ipsi
686 1919 727 1981 ad
751 1921 916 1982 arbitrium
942 1939 1033 1981 suum
1059 1919 1176 1990 locent,
1201 1928 1234 1980 et
1258 1919 1283 1979 si
1309 1917 1443 1989 nollent,
1469 1929 1590 1980 extunc
1615 1931 1746 1998 paratus
1771 1932 1820 1979 est

268 2023 428 2094 mandare,
454 2027 536 2087 utin
554 2025 660 2106 aliquo
678 2026 852 2089 lococirca
870 2026 977 2088 villam
996 2030 1181 2108 propiaquo
1206 2021 1261 2107 [inl
1287 2025 1388 2086 horeo
1413 2027 1545 2086 alicuius
1569 2025 1755 2086 kmethonIS
1788 2027 1818 2085 in

268 2151 332 2212 quo
356 2131 489 2193 distrahi
514 2154 578 2194 non
597 2145 718 2214 posset,
743 2137 849 2216 sepire
866 2139 902 2215 (s)
926 2148 1035 2216 preter
1059 2134 1091 2194 id
1109 2144 1141 2194 et
1158 2133 1281 2212 absque
1300 2153 1348 2204 e0,
1374 2135 1462 2214 quod
1487 2133 1622 2194 deberet
1647 2132 1820 2194 kmetones

267 2239 463 2318 compellere
487 2241 528 2302 ad
553 2240 734 2304 laciendum
758 2261 902 2310 acervos.
928 2241 985 2304 sed
1010 2244 1080 2322 ipse
1097 2240 1180 2300 dnus
1196 2241 1370 2301 canonIcus
1394 2239 1528 2302 eosdem
1555 2240 1614 2300 sibi
1638 2242 1820 2309 conveniat,

267 2355 364 2425 prout
387 2343 489 2408 levius
514 2351 634 2428 poterit
657 2359 689 2412 et
714 2360 810 2429 prout
835 2349 933 2410 lacius
957 2359 1114 2410 statutum
1139 2367 1238 2428 super
1261 2347 1394 2408 decimis
1418 2347 1568 2427 disponit.

479 2539 521 2603 A.
551 2555 641 2622 1509.
665 2539 867 2623 Septembris
892 2558 942 2618 24,
967 2543 998 2602 ln
1022 2541 1218 2602 consistorio
1242 2539 1396 2600 Plocensi.

373 2659 463 2728 296.
487 2665 584 2748 (Acta
607 2665 690 2729 offic.
715 2667 794 2746 Ila).
819 2667 942 2730 Honor.
966 2665 1169 2748 Augustinus
1193 2666 1233 2727 de
1259 2664 1474 2746 Vyschegrad
1500 2677 1690 2744 procurator
1713 2667 1819 2746 provi·

266 2768 380 2831 dorum
405 2769 556 2834 StaniSlai
580 2773 702 2847 Iaczek,
727 2773 878 2837 Stauislai
894 2772 1135 2856 Gambynyslry
1153 2785 1184 2836 et
1201 2771 1421 2834 Bartholomei
1446 2771 1594 2834 frenilicis
1618 2773 1732 2835 civium
1751 2772 1818 2834 Plo·

266 2878 418 2954 censium‚
436 2893 648 2943 executorum
665 2884 856 2946 testamenti
873 2883 949 2944 olim
967 2881 1097 2944 discreti
1113 2879 1265 2944 Stanislai
1281 2879 1399 2942 Lissek
1416 2881 1585 2959 presbiteri
1602 2881 1643 2942 de
1656 2879 1820 2942 Ploczka..

266 2987 436 3064 proposuit
454 2988 555 3050 verbo
579 2999 693 3052 contra
717 2989 815 3051 dnum
840 2989 1031 3052 MIchaelem
1056 2989 1325 3070 Machczynyslry
1350 2987 1578 3050 vicedecanum
1598 2989 1734 3049 ecclesie
1751 2986 1820 3050 Plo·

267 3093 371 3154 censis
395 3105 590 3174 presentem,
616 3099 691 3176 quia
707 3098 777 3178 ipse
794 3099 912 3160 retinet
933 3098 1060 3158 coclear
1083 3107 1273 3178 argenteum
1292 3097 1367 3158 dicti
1384 3096 1459 3156 olim
1477 3093 1629 3156 Stanislai
1654 3096 1819 3157 testatoris

267 3199 383 3262 valoris
395 3200 423 3262 L
436 3223 491 3282 gr,
505 3199 708 3288 petivit[que]
722 3204 763 3265 ad
777 3206 1019 3266 restitucionem
1033 3206 1140 3284 cogi..
1157 3203 1208 3264 Ex
1222 3203 1360 3265 adverso
1378 3203 1459 3264 dnus
1472 3203 1684 3264 vicedecanus
1703 3202 1821 3284 allega-

266 3309 319 3380 vit,
337 3310 427 3390 quod
442 3309 527 3370 idem
545 3310 671 3371 coclear
688 3314 807 3374 retinet
823 3313 855 3372 in
873 3311 884 3370 I
902 3331 1010 3372 marca
1025 3311 1202 3372 mediorum
1217 3331 1271 3389 gr,
1290 3330 1386 3391 quam
1404 3329 1544 3370 marcam
1559 3311 1663 3370 dictus
1680 3317 1819 3371 testator

267 3417 390 3496 recepit
414 3417 513 3478 adno
537 3416 670 3479 Simone
687 3416 939 3501 Czyechomslry
957 3420 989 3479 in
1007 3415 1262 3498 Czyechomicze
1287 3437 1347 3496 pro
1372 3416 1537 3497 psalterio,
1560 3417 1675 3496 vigiliis
1700 3427 1733 3479 et
1750 3417 1818 3478 aliis

266 3521 381 3584 officiis
398 3525 521 3604 divinis,
546 3545 672 3586 necnon
694 3525 857 3587 lintiamen
877 3526 995 3588 valoris
1012 3525 1024 3586 I
1041 3524 1175 3586 fertonis
1198 3525 1328 3604 recepit,
1353 3534 1385 3586 et
1402 3523 1464 3585 hoc
1481 3525 1557 3585 dum
1576 3523 1720 3603 prelatus
1737 3525 1818 3586 dnus

267 3628 504 3712 Cziechomsky
520 3631 596 3694 fecit
611 3630 808 3714 sepulturam
826 3633 920 3696 matri
937 3653 1004 3708 sue,
1028 3651 1124 3712 quam
1142 3631 1375 3711 allegaciooem
1399 3629 1603 3711 Augustinus
1627 3643 1820 3710 procurator

266 3748 477 3800 executorum
494 3741 625 3820 negavit
642 3759 715 3802 esse
732 3759 851 3815 veram,
869 3751 901 3802 et
914 3740 997 3802 dnus
1011 3740 1225 3800 vicedecanus
1241 3738 1359 3798 obtulit
1375 3757 1410 3799 se
1424 3738 1561 3798 eandem
1575 3735 1818 3816 probaturum..

371 3844 452 3908 Item
477 3845 563 3907 idem
588 3857 778 3927 procurator
807 3858 1017 3910 executorum
1043 3857 1156 3908 contra
1180 3847 1279 3907 dnum
1304 3843 1477 3906 Albertum
1503 3843 1723 3924 Boianowslry
1750 3862 1817 3924 pre·

265 3961 390 4014 sentem
415 3957 586 4034 proposuit
609 3954 718 4027 verbo,
744 3956 818 4034 quia
835 3956 906 4034 ipse
923 3955 1039 4016 retInet
1056 3963 1179 4016 certum
1197 3953 1349 4013 volumen
1374 3950 1536 4018 librorum,
1561 3951 1647 4032 quod
1672 3951 1818 4012 continet

265 4060 296 4119 in
321 4081 356 4120 se
381 4070 501 4122 certam
533 4063 747 4123 cronicam
780 4071 812 4122 et
836 4063 904 4123 iura
928 4061 1133 4143 municipalia
1167 4060 1368 4138 Merimborg
1400 4058 1516 4140 prefati
1544 4058 1619 4120 olim
1652 4059 1818 4120 testatoris

265 4167 383 4228 valoriS
407 4166 468 4228 XL
492 4189 546 4247 gr,
570 4169 685 4249 petivit
710 4170 815 4248 ipsum
841 4168 882 4229 ad
908 4170 1151 4230 restitucionem
1177 4167 1258 4246 cogi.
1292 4167 1344 4228 Ex
1368 4167 1507 4228 adverso
1539 4165 1698 4247 allegavit,
1730 4165 1817 4244 quod

265 4273 387 4335 dictum
412 4272 563 4336 volumen
589 4285 639 4336 est
664 4276 768 4337 eidem
794 4286 961 4358 receptum
986 4296 1044 4357 per
1068 4284 1191 4336 certum
1216 4273 1388 4348 homiuem,
1414 4276 1466 4354 qui
1491 4275 1590 4335 modo
1607 4285 1657 4335 est
1674 4275 1705 4334 in
1723 4271 1817 4348 bello,

265 4391 381 4461 petens
405 4381 466 4443 sibi
490 4381 602 4463 prefigi
626 4383 798 4444 terminum
823 4383 863 4444 ad
880 4385 1019 4446 reditum
1043 4383 1120 4444 dicti
1144 4382 1283 4444 hominis
1307 4382 1347 4444 de
1371 4379 1465 4443 bellu.
1490 4380 1533 4441 Et
1558 4380 1707 4441 dominus
1730 4380 1819 4441 dedit

265 4489 293 4548 ei
318 4491 489 4549 terminum
514 4490 769 4570 peremptorium
796 4510 892 4551 unum
918 4510 1063 4552 mensem
1090 4501 1165 4570 post
1190 4489 1328 4551 reditum
1353 4488 1393 4549 de
1420 4487 1513 4549 bello.

371 4595 452 4656 Item
469 4595 555 4656 idem
573 4608 765 4676 procurator
789 4599 960 4678 proposuit
985 4607 1099 4659 contra
1122 4596 1220 4658 dnum
1246 4594 1441 4657 Stanislaum
1467 4593 1630 4675 Grodzlry,
1656 4597 1731 4675 quia
1748 4597 1818 4674 lpse

265 4703 382 4764 retinet
412 4700 525 4763 librum
558 4706 825 4766 sacramentalem
850 4716 883 4766 et
908 4705 1146 4784 problematum
1181 4704 1370 4765 Aristotelis
1403 4703 1476 4764 dicti
1503 4703 1667 4764 testatoris
1699 4701 1817 4763 valoris

265 4808 378 4870 XXIV
401 4829 456 4890 gr,
481 4812 596 4888 petivit
620 4832 692 4872 eum
717 4814 792 4892 cogi
817 4812 859 4874 ad
883 4814 1134 4874 restitucionern.
1160 4812 1212 4872 Ex
1233 4811 1370 4872 adverso
1395 4809 1562 4872 consessus
1579 4818 1680 4869 estse
1696 4807 1817 4868 habere

265 4914 387 4990 librum,
412 4936 508 4996 quem
533 4937 616 4977 nunc
641 4918 722 4979 dixit
747 4918 867 4980 habere
892 4921 923 4978 in
940 4919 1023 4980 villa.
1048 4919 1090 4980 Et
1107 4919 1256 4980 dominus
1280 4917 1442 4980 mandavit
1468 4919 1572 4997 ipsum
1597 4918 1768 4976 restituere
1786 4918 1816 4974 ln

265 5023 425 5101 quindena
451 5025 670 5104 peremptorie
695 5025 754 5086 sub
779 5029 921 5088 censuris
946 5026 1178 5087 ecclesirasticiS.

478 5214 520 5277 A.
551 5232 640 5296 1509,
667 5216 821 5280 Octobris
847 5221 874 5289 8,
900 5220 931 5278 in
955 5219 1149 5280 consistorio
1177 5217 1329 5280 Plocensi.

371 5335 460 5404 297.
485 5339 582 5420 (Acta
607 5341 686 5402 offic.
714 5341 790 5422 lla).
825 5343 858 5403 In
883 5363 980 5404 causa
1004 5364 1110 5405 vener.
1136 5344 1193 5403 viri
1220 5343 1274 5404 dni
1299 5343 1404 5403 Iacobi
1431 5341 1553 5421 Krislcy
1579 5341 1724 5401 canonici
1751 5339 1818 5401 Plo·

263 5445 368 5507 censls
401 5456 515 5507 contra
545 5447 686 5509 nobilem
719 5449 895 5510 Iohannem
931 5451 972 5511 de
1007 5451 1122 5512 eadem
1155 5449 1276 5510 Krisko
1309 5469 1497 5529 germanum
1536 5447 1693 5521 eiusdem,
1731 5447 1814 5508 dnus

263 5551 467 5632 Augustinus
498 5555 537 5616 de
561 5554 779 5635 Vyschegrad
810 5569 1001 5637 procurator
1032 5559 1084 5618 dni
1109 5557 1254 5618 canonici
1288 5557 1450 5617 accusavit
1476 5556 1711 5615 contumaciam
1739 5553 1814 5614 dicti

265 5659 318 5720 dni
342 5659 494 5720 Iohannis
519 5659 691 5741 Kryslry..
724 5663 775 5724 Ex
801 5663 938 5724 adverso
971 5663 1054 5725 dnus
1078 5663 1229 5725 Andreas
1262 5664 1303 5724 de
1330 5663 1515 5742 Naquasino
1548 5673 1739 5740 procurator
1763 5659 1817 5725 dni
