4392 6672
806 671 988 722 rnuonuu
1012 667 1195 724 itas-1497.
1735 673 1779 754 67

226 883 445 973 impregnavit
468 881 605 944 eandem
631 893 755 944 etcum
779 901 819 944 ea
835 884 1073 944 matrimonium
1099 882 1298 946 solennisare
1322 885 1352 946 in
1375 883 1454 946 facie
1480 883 1616 946 ecclesie
1639 904 1779 948 comma-

226 1009 367 1070 nereque
392 1008 430 1050 ac
454 987 573 1052 aflectu
598 989 734 1050 maritali
759 1000 899 1052 tractare
930 1001 1066 1062 recusat,
1100 991 1242 1070 denegat
1273 1001 1306 1052 et
1330 991 1530 1064 contradicit,
1563 1001 1681 1070 petens
1705 1012 1779 1053 eum

226 1097 299 1175 cogi
324 1097 365 1158 ad
382 1095 646 1156 solennisandum
671 1098 911 1158 matrimonium
937 1097 1065 1178 publice
1089 1099 1119 1157 in
1138 1095 1220 1160 facie
1237 1099 1375 1161 ecclesie
1399 1099 1489 1159 etad
1508 1099 1779 1160 commanendum

226 1204 361 1264 invicem
387 1203 589 1282 maritalique
615 1203 785 1266 affectione
802 1216 941 1266 tractare
965 1204 1125 1283 compelli,
1149 1205 1286 1265 iudiciali
1311 1203 1507 1266 diffinicione
1531 1205 1702 1266 mediante.
1728 1204 1781 1266 Ex

226 1311 364 1372 adverso
389 1307 533 1389 prefatus
565 1308 719 1372 Nicolaus
751 1311 970 1390 principalis..
995 1310 1163 1372 consessus
1188 1321 1238 1372 est
1262 1331 1334 1372 eam
1358 1313 1548 1391 promisisse
1580 1323 1613 1372 et
1637 1314 1780 1390 recipere

226 1418 378 1479 debuisse
402 1418 433 1476 in
459 1436 596 1478 uxorem
621 1426 655 1478 et
679 1430 755 1497 post
780 1418 961 1479 huiusmodi
987 1419 1237 1497 promissionem
1262 1419 1495 1497 impregnasse.
1520 1417 1562 1478 Et
1581 1419 1673 1480 Rdus
1697 1418 1781 1480 dnus

229 1524 343 1586 Paulus
367 1522 493 1585 Sulislai
526 1524 568 1584 de
591 1521 728 1604 Lyczlry
754 1523 1031 1586 Wladislaviensis
1063 1536 1096 1586 et
1121 1524 1335 1586 Poltoviensis
1360 1524 1604 1586 archidiaconus
1628 1523 1780 1587 locumte-

228 1652 308 1694 nens
333 1651 374 1694 ex
399 1629 595 1692 confessatis
620 1631 720 1709 ipsius
743 1630 869 1692 Nicolai
893 1630 1052 1708 decrevit,
1078 1640 1112 1693 ut
1136 1650 1207 1693 eam
1232 1631 1274 1692 de
1298 1631 1416 1711 opibus
1440 1633 1505 1693 suis
1529 1631 1623 1694 dotet
1646 1633 1688 1692 ad
1713 1641 1781 1692 tan·

227 1752 302 1804 tum.
328 1747 484 1818 quantum
510 1747 543 1798 et
566 1739 671 1820 magis
695 1738 809 1800 dotata
833 1737 945 1800 luisset
969 1738 1010 1800 de
1035 1739 1186 1818 paternis,
1213 1739 1409 1799 maternisve
1433 1738 1527 1799 bonis
1559 1748 1615 1799 aut
1638 1735 1724 1810 alias,
1748 1740 1779 1798 in

227 1857 383 1926 quantum
414 1846 498 1905 inter
522 1843 655 1906 eosdem
682 1843 802 1906 nullum
826 1847 998 1907 intervenit
1022 1846 1211 1906 canonicum
1236 1845 1513 1925 impedimentum,
1547 1864 1618 1906 eam
1644 1845 1781 1925 accipiet

227 1954 257 2013 in
283 1971 428 2013 uxorem.
468 1950 511 2012 Et
535 1951 654 2013 ibidem
686 1955 902 2014 asentenciis
937 1952 1325 2022 excommunicacionum,
1365 1952 1481 2031 quibus
1514 1951 1554 2012 ad
1589 1953 1780 2012 instanciam

227 2061 328 2137 ipsius
351 2057 449 2120 Anne
481 2059 611 2118 racione
636 2061 840 2120 conturnacie
873 2057 930 2120 fuit
955 2059 1139 2132 innodatus,
1173 2057 1255 2119 infra
1280 2058 1353 2118 hinc
1385 2078 1486 2136 usque
1510 2057 1552 2119 ad
1576 2057 1713 2118 reditum
1738 2077 1781 2118 ex

227 2166 313 2227 bello
337 2165 398 2227 sub
422 2163 637 2226 reincidencia
661 2161 715 2250 [in]
740 2167 947 2246 purgacionis
972 2184 1146 2245 processus
1177 2176 1210 2225 et
1234 2164 1371 2226 vialibus
1398 2163 1453 2227 illo
1478 2186 1537 2244 pro
1561 2175 1712 2244 tempore
1736 2183 1782 2226 re-

228 2275 365 2334 servatis
388 2271 537 2334 absolvit.
565 2271 772 2334 Presentibus
796 2271 1039 2334 honorabilibus
1063 2281 1097 2333 et
1121 2272 1269 2334 discretis
1293 2270 1428 2332 Andrea
1453 2269 1628 2352 Popowski
1653 2273 1781 2334 notario

228 2379 345 2460 prefati
369 2379 423 2440 dni
447 2377 535 2440 Pauli
559 2377 809 2441 archidiaconi..
1471 2374 1473 2380 ’

334 2484 481 2548 Tandem
507 2485 645 2566 probata
663 2497 712 2548 est
729 2487 888 2566 cognacio
913 2485 1088 2565 spiritualis
1111 2483 1285 2556 sussiciens,
1310 2497 1558 2566 propterquam
1578 2487 1689 2566 nequit
1708 2505 1780 2548 eam

227 2594 354 2656 habere
372 2593 403 2653 in
428 2613 573 2662 uxorem.
598 2593 657 2656 sed
681 2587 775 2656 dotet'
798 2613 870 2654 eam
896 2605 930 2654 ut
947 2613 1053 2674 supra.
1080 2612 1139 2670 pro
1164 2611 1228 2672 qua
1251 2592 1330 2656 dote
1354 2591 1387 2654 X
1411 2593 1517 2654 solvet
1541 2613 1725 2673 sexagenas
1749 2593 1781 2654 in

228 2701 343 2764 mediis
360 2720 406 2781 gr.
423 2699 506 2762 infra
522 2701 695 2764 biennium:
723 2701 864 2780 quinque
888 2720 947 2780 pro
965 2698 1050 2762 sesto
1069 2699 1257 2762 Natiuitatis
1283 2699 1346 2762 Dni
1371 2721 1464 2781 prox.
1488 2711 1523 2764 et
1539 2722 1600 2782 pro
1617 2699 1681 2762 alio
1698 2699 1781 2762 iesto

228 2807 416 2872 Natiuitatis
440 2810 591 2889 quinque,
624 2819 656 2870 et
681 2807 807 2887 prolem
832 2807 1032 2868 educandam
1066 2806 1176 2870 love're
1199 2807 1300 2870 debet
1325 2808 1376 2870 vel
1403 2809 1520 2870 nutrire
1545 2817 1698 2888 procuret
1721 2807 1782 2870 sub

229 2917 373 2978 censuris
396 2913 631 2978 ecclesiasticis.

443 3106 485 3168 A.
515 3122 606 3188 1497,
631 3107 711 3170 Iunii
743 3107 788 3180 16,
813 3108 844 3170 in
867 3105 1038 3170 Poltowsk
1062 3109 1094 3170 in
1118 3108 1205 3170 curia
1229 3107 1418 3188 episcopali.
1446 3181 1447 3184 Ἴ

340 3229 428 3298 174.
452 3230 549 3314 (Acta
572 3235 672 3314 episc.
688 3232 781 3312 VI)..
806 3231 924 3294 Coram
950 3233 1070 3294 Rm0..
1094 3233 1161 3294 dno
1185 3232 1281 3294 Petro
1305 3232 1344 3294 D.
1363 3255 1392 3314 g.
1418 3233 1576 3314 episcopo
1602 3233 1782 3295 Plocensi..

231 3339 384 3403 Nicolaus
417 3341 578 3419 presbiter
610 3342 651 3403 de
676 3337 873 3402 Ostralanka
897 3339 1061 3419 legitimus
1085 3351 1310 3420 procurator..
1338 3337 1452 3402 honor.
1477 3339 1628 3400 Iohannis
1654 3339 1782 3418 plebani

230 3450 271 3510 de
294 3449 447 3510 ibidem..
472 3457 585 3510 contra
611 3447 753 3508 nobilem
777 3443 972 3510 Stanislaum
1005 3448 1044 3507 de
1069 3445 1242 3527 Omulyew
1275 3446 1376 3509 verbo
1400 3447 1581 3526 proposuit,
1613 3445 1782 3526 quomodo

230 3558 300 3636 ipse
323 3565 475 3635 tempore
499 3555 615 3616 messis
639 3555 832 3618 adveniente
856 3554 1013 3616 decimam
1048 3563 1123 3632 post
1148 3555 1295 3633 predium
1324 3573 1416 3614 suum
1449 3555 1480 3614 in
1504 3553 1656 3616 horreum
1680 3555 1783 3632 ipsius

231 3661 382 3724 Iohannis
413 3661 545 3742 plebani
576 3661 757 3724 conducere
782 3671 944 3724 recusat..
971 3671 1087 3740 petens
1110 3662 1216 3741 ipsum
1241 3661 1345 3740 cogi..
1370 3659 1411 3722 ad
1435 3661 1693 3724 conducendum.
1732 3661 1782 3721 Ex

231 3771 369 3832 adverso
392 3766 605 3832 Stanislaus..
629 3767 789 3850 allegavit,
825 3767 914 3849 quod
946 3787 1017 3828 cum
1051 3769 1092 3830 sit
1124 3778 1157 3830 et
1181 3778 1232 3830 est
1263 3767 1381 3828 nobilis
1415 3765 1664 3848 huiusmodique
1696 3767 1784 3828 bona

231 3875 380 3941 Omulew
404 3877 622 3938 communiter
653 3875 818 3958 appellata
849 3895 892 3938 ex
916 3877 1124 3938 successione
1148 3885 1285 3956 paterna
1315 3874 1375 3936 sub
1399 3875 1520 3935 iuribus
1543 3883 1576 3935 et
1601 3863 1783 3954 privilegiis,

231 3983 340 4065 sigillis
372 3984 547 4046 maioribus
582 4003 639 4046 seu
671 3983 750 4046 alias
782 3984 963 4052 maiestatis
999 3983 1137 4044 ducatus
1167 3982 1316 4043 Mazovie
1347 3979 1493 4062 sigillatis
1518 3992 1551 4042 et
1574 3981 1783 4063 consignatis

232 4093 362 4154 habet..
387 4101 421 4154 et
437 4091 592 4172 possidet,
618 4102 753 4173 propter
777 4091 864 4172 quod
889 4091 931 4154 ad
948 4089 1198 4152 conductionem
1219 4088 1406 4152 huiusmodi
1430 4087 1627 4150 decimarum
1653 4089 1782 4150 minime

232 4208 368 4268 tenetur,
395 4199 454 4262 sed
479 4200 568 4261 iuxta
593 4199 951 4262 consuetudinem
976 4197 1158 4258 ducatus
1183 4195 1375 4258 Mazovie
1398 4205 1430 4256 et
1456 4213 1545 4258 more
1569 4196 1704 4257 aliorum
1729 4215 1783 4258 no·

232 4308 339 4370 bilium
365 4305 540 4386 plebanum
565 4317 620 4366 aut
644 4325 721 4368 suos
745 4307 881 4368 vicarios
906 4325 966 4384 pro
983 4315 1133 4385 tempore
1157 4307 1345 4375 existentes,
1369 4311 1405 4363 ut
1429 4303 1571 4366 decimas
1595 4303 1783 4384 provenien·

232 4427 282 4477 tes
306 4433 397 4476 more
421 4411 518 4474 solito
541 4415 732 4488 conducant,
757 4415 868 4483 avisat,
893 4423 991 4493 prout
1014 4413 1084 4492 ipse
1108 4409 1288 4474 Stanislaus
1312 4410 1449 4473 eundem
1475 4409 1651 4472 Iohannem
1676 4409 1784 4491 pleba-

231 4542 307 4584 num
331 4533 481 4598 tempore
505 4522 736 4582 conduccionis
761 4520 957 4580 decimarum
983 4519 1176 4582 adveniente
1204 4517 1302 4580 solito
1326 4519 1425 4578 modo
1449 4529 1483 4580 et
1507 4527 1656 4598 tempore
1679 4519 1784 4581 avisat

232 4640 265 4692 et
289 4630 420 4710 requirit
445 4629 636 4707 avisareque
660 4639 693 4689 et
718 4630 881 4708 requirere
905 4647 943 4688 ac
967 4627 1111 4689 decimas
1135 4646 1178 4687 ex
1202 4625 1316 4705 predio
1340 4643 1399 4685 suo
1424 4625 1663 4704 provenientes
1687 4635 1784 4705 prout

233 4747 265 4798 et
289 4738 388 4799 ceteri
414 4735 541 4796 nobiles
565 4736 596 4796 in
621 4735 741 4797 ducatu
767 4735 916 4806 Mazovie
941 4733 1061 4796 iaciunt
1086 4745 1118 4796 et
1135 4742 1312 4803 remanent,
1337 4751 1505 4796 remanere
1530 4733 1705 4802 consuevit,
1731 4751 1784 4810 pe·

232 4855 304 4906 tens
328 4844 419 4904 sein
443 4843 677 4904 consuetudine
701 4843 733 4902 in
757 4842 875 4904 ducatu
901 4843 1051 4904 Mazovie
1074 4851 1163 4904 tenta
1195 4851 1228 4902 et
1252 4839 1437 4921 approbata
1468 4840 1626 4900 remaneri
1651 4847 1685 4899 et
1710 4857 1784 4900 con·

232 4951 360 5021 servari,
384 4961 418 5011 et
441 4949 579 5012 eundem
605 4949 780 5010 Iohannem
806 4947 978 5030 plebanum
1004 4949 1036 5008 in
1053 4949 1207 5028 expensis
1231 4949 1263 5008 in
1281 4967 1378 5010 causa
1402 4946 1582 5006 huiusmodi
1607 4955 1782 5025 propterea

234 5057 323 5118 lactis
347 5056 391 5118 ob
415 5055 594 5118 indebitum
620 5066 758 5118 tractum
784 5057 993 5118 condemnari
1019 5067 1052 5117 et
1076 5055 1118 5117 ad
1142 5075 1252 5118 earum
1278 5053 1477 5116 solucionem
1501 5053 1576 5132 cogi
1603 5102 1608 5112 .
1633 5051 1676 5114 Et
1700 5051 1783 5113 dnus

234 5164 336 5224 Rmus
361 5162 473 5224 Petrus
498 5164 673 5244 episcopus
698 5162 842 5243 prelatus
866 5163 983 5224 auditis
1007 5161 1157 5224 hincinde
1182 5163 1327 5242 parcium
1352 5159 1529 5240 propositis
1561 5169 1595 5221 et
1619 5158 1784 5237 responsis

233 5270 384 5344 decrevit,
416 5279 452 5331 ut
476 5270 546 5351 ipse
570 5269 750 5332 Stanislaus
774 5291 865 5332 more
890 5270 1025 5332 aliorum
1052 5267 1204 5331 nobilium
1229 5269 1365 5330 ducatus
1389 5265 1538 5329 Mazovie
1562 5265 1704 5328 decimas
1727 5261 1783 5325 det

233 5387 266 5439 et
283 5377 457 5456 plebanum
476 5377 576 5438 modo
600 5387 633 5438 et
650 5385 798 5457 tempore
824 5379 991 5440 consuetis
1007 5379 1111 5438 aviset
1136 5386 1170 5438 et
1186 5377 1337 5456 requirat,
1361 5387 1395 5436 ut
1412 5372 1489 5446 illas,
1514 5371 1566 5434 ubi
1588 5372 1693 5433 eidem
1719 5371 1783 5450 pla·

234 5485 342 5558 cuerit,
368 5485 500 5564 proprio
525 5503 617 5546 curru
641 5485 803 5546 conducat
827 5493 860 5546 et
878 5495 1000 5546 statuat
1025 5483 1231 5562 eundemque
1255 5480 1430 5544 Iohannem
1456 5479 1630 5561 plebanum
1655 5476 1783 5558 prefato

234 5588 396 5654 Stanislao
427 5592 459 5654 in
483 5592 638 5672 expensis
663 5591 924 5671 condempnavit,
957 5611 1090 5670 quarum
1115 5590 1321 5651 taxacionem
1346 5589 1406 5650 sibi
1437 5590 1470 5648 in
1495 5595 1660 5665 posterum
1685 5603 1783 5646 reser-

234 5702 327 5762 vavit.
353 5697 569 5770 Presentibus,
595 5699 711 5777 quibus
735 5719 840 5778 supra.
