4392 6672
415 649 457 730 76
893 646 986 696 ACTA
1005 645 1129 696 IUDlCll
1147 645 1285 695 ECCLES.
1305 643 1493 696 PLOCENSIS

414 881 486 925 esse
510 860 739 942 episcopalem.
764 860 995 942 Interrogatus,
1018 880 1058 921 an
1076 859 1204 922 nobiles
1226 858 1346 939 aliquid
1369 857 1512 922 habeant
1534 859 1565 922 in
1581 858 1668 922 dicta
1683 855 1767 930 villa,
1791 857 1971 941 respondit,

414 970 503 1051 quod
528 966 647 1030 Gorslri
670 968 771 1030 habet
794 977 884 1030 certa
909 967 995 1029 bona
1018 969 1051 1029 in
1075 967 1169 1030 bonis
1191 965 1341 1038 Vilrowo,
1368 987 1434 1029 non
1457 975 1567 1028 tamen
1590 965 1710 1041 villam,
1734 967 1847 1030 sedin
1871 967 1971 1028 crudo

415 1077 577 1156 extirpata
612 1084 644 1137 et
669 1085 788 1154 empta.
829 1074 910 1136 Item
935 1073 1130 1155 Rupyenslri
1162 1076 1265 1136 eciam
1293 1073 1416 1136 habeut
1447 1076 1479 1135 in
1503 1073 1603 1136 cruda
1628 1071 1742 1136 radice.
1775 1073 1859 1137 Item
1883 1070 1972 1135 Olru·

414 1182 533 1246 rowski
557 1183 660 1244 eciam
685 1183 717 1242 in
740 1182 839 1244 cruda
863 1191 1011 1244 emerunt
1036 1191 1069 1244 et
1093 1180 1263 1262 possident
1288 1181 1419 1259 eadem;
1442 1179 1503 1242 alia
1527 1181 1639 1244 nescit.

627 1375 668 1437 A.
699 1387 791 1456 1500,
816 1375 942 1456 Aprilis
966 1376 995 1447 6,
1020 1377 1051 1437 in
1077 1371 1207 1437 Gorzno
1232 1376 1264 1436 in
1288 1375 1376 1436 curia
1400 1373 1588 1456 episcopali.

525 1498 610 1568 188.
642 1500 741 1582 (Acta
764 1501 862 1582 episc.
887 1500 976 1580 la)..
1008 1500 1165 1563 Testes
1197 1500 1392 1582 infrascripti
1424 1501 1597 1562 occasione
1626 1499 1745 1562 stolove
1775 1509 1809 1563 et
1839 1498 1970 1561 rakome

414 1610 497 1672 inter
522 1609 694 1689 plebanum
720 1609 751 1669 in
768 1606 898 1691 Sczulry
922 1616 954 1669 et
978 1605 1197 1671 Gothartowo
1221 1617 1254 1670 et
1276 1606 1493 1689 parochianos
1518 1606 1726 1669 ecclesiarum
1750 1607 1968 1688 predictarum

414 1717 536 1780 inducti
560 1727 593 1778 et
617 1718 736 1798 primo:

521 1823 689 1886 Discretus
713 1821 866 1884 Nicolaus
891 1821 1050 1904 plebanus
1074 1824 1106 1883 in
1131 1819 1261 1900 Sczuky
1284 1820 1476 1884 affirmando
1500 1841 1593 1884 suam
1616 1821 1834 1884 intencionem
1861 1821 1969 1884 medio

416 1933 596 1992 iuramento
620 1929 772 2010 deposuit
796 1931 1024 2011 interrogatus,
1050 1929 1139 2009 quod
1164 1949 1181 1990 a
1206 1928 1288 1990 XIX
1310 1929 1411 2001 annis,
1437 1929 1590 2011 aquibus
1615 1929 1717 2008 ipsam
1742 1926 1913 1990 ecclesiam
1937 1929 1969 1988 in

414 2037 544 2118 Sczuky
575 2048 609 2100 et
640 2035 880 2100 Gotharthowo
914 2048 1027 2100 nactus
1059 2045 1119 2110 est,
1151 2056 1211 2117 pro
1236 2055 1349 2098 mensa
1381 2035 1460 2097 alias
1482 2035 1612 2098 stolowe
1643 2033 1699 2120 1¹J,
1725 2057 1772 2118 gr.
1801 2053 1861 2118 pro
1884 2035 1970 2098 lesto

414 2167 437 2206 s.
463 2144 630 2208 Michaelis
654 2155 687 2207 et
711 2144 858 2207 similiter
881 2141 938 2227 I¹s2
964 2164 1010 2226 gr.
1035 2164 1096 2226 pro
1121 2144 1206 2206 sesto
1230 2142 1355 2206 Pasche
1378 2141 1512 2226 singulis
1536 2144 1629 2206 annis
1652 2143 1830 2224 recipiebat
1854 2151 1887 2206 et
1911 2140 1968 2206 tol·

413 2253 501 2315 lebat
533 2263 565 2314 et
590 2271 753 2332 nunquam
779 2252 1016 2332 impediebatur
1047 2273 1067 2314 a
1090 2251 1304 2332 parochianis,
1337 2251 1425 2331 quod
1458 2271 1518 2332 pro
1542 2271 1656 2314 mensa
1684 2249 1829 2325 tollebat,
1864 2248 1968 2312 solum

413 2360 514 2421 modo
549 2380 607 2440 per
639 2359 737 2420 dnum
764 2355 979 2436 Cuczborski,
1014 2378 1145 2421 causam
1178 2360 1317 2420 sciencie
1349 2357 1498 2432 reddens,
1530 2358 1620 2439 quod
1651 2357 1773 2419 audivit
1805 2357 1967 2419 dicentem

414 2465 576 2548 quendam
600 2467 759 2528 Mathiam
791 2465 965 2527 scultetum
990 2467 1156 2546 antiquum
1190 2466 1232 2529 de
1258 2463 1504 2548 Sobyesyrnya,
1536 2466 1567 2526 in
1592 2485 1658 2546 quo
1682 2463 1755 2528 loco
1778 2463 1876 2526 hodie
1900 2483 1969 2546 pre·

414 2574 499 2636 fatus
523 2571 720 2636 Cuczborski
746 2581 902 2634 moratur:
934 2573 1008 2635 Dne
1032 2571 1171 2654 plebane
1202 2573 1330 2636 habetis
1364 2595 1406 2635 ex
1430 2574 1565 2653 antiquo
1595 2571 1723 2660 stolaeve
1745 2571 1790 2632 Ill
1815 2591 1870 2652 gr..
1902 2591 1967 2633 non

413 2679 541 2744 luerunt
564 2679 609 2742 III
632 2701 677 2760 gr.
703 2679 807 2742 solum
833 2675 904 2761 ll¹l²
922 2699 968 2759 gr.
992 2678 1035 2740 Et
1058 2679 1142 2741 dnus
1159 2679 1346 2762 Episcopus
1370 2678 1525 2762 Gizyczki
1550 2679 1673 2754 videns,
1698 2679 1786 2760 quod
1810 2675 1968 2759 plebanus

413 2797 588 2850 contentus
611 2807 683 2850 esse
713 2807 779 2848 non
804 2797 965 2868 potuerat,
1002 2798 1202 2868 apposuerat
1234 2785 1441 2860 medientem,
1476 2789 1518 2851 ad
1549 2785 1707 2850 scolarem
1740 2797 1859 2859 autem,
1891 2784 1969 2848 alias

412 2895 552 2974 rakowe,
575 2913 740 2975 nunquam
765 2893 974 2976 pertinebant
998 2895 1050 2956 isti
1073 2896 1188 2975 grossi,
1212 2895 1273 2956 alia
1297 2897 1409 2958 nescit.

520 3000 690 3064 Secundus
713 3003 807 3064 testis
831 2999 1013 3064 laboriosus
1036 3000 1179 3064 Mathias
1196 3001 1345 3064 Desczka
1360 3003 1402 3066 de
1420 3000 1660 3065 Gotharthowo
1677 3021 1735 3081 per
1750 3000 1967 3082 parochianos

413 3109 454 3170 de
478 3107 718 3171 Gotharthowo
743 3109 924 3172 inductus.
956 3109 1116 3188 deposuit,
1150 3109 1238 3189 quod
1262 3109 1448 3190 parochiani
1477 3109 1519 3172 de
1544 3107 1626 3172 villis
1650 3105 1878 3179 Gothartowo,
1910 3106 1964 3171 So·

413 3216 595 3298 byeszyrna
627 3225 660 3278 et
684 3215 832 3278 Dzeszno
863 3236 906 3277 ex
929 3216 1065 3296 antiquo
1088 3216 1174 3278 soliti
1199 3228 1293 3281 erant
1323 3237 1523 3298 componere
1555 3236 1616 3298 pro
1640 3215 1765 3278 scolare
1796 3214 1965 3296 profesto

412 3347 436 3389 S.
460 3323 628 3386 Michaelis
652 3325 793 3386 medium
817 3323 964 3404 quintum
989 3323 1125 3386 solidum
1152 3335 1184 3386 et
1200 3345 1262 3405 pro
1285 3323 1371 3388 sesto
1395 3324 1519 3388 Pasche
1544 3325 1687 3386 medium
1712 3324 1859 3403 quintum
1884 3323 1969 3384 simi·

413 3434 493 3508 liter,
526 3441 559 3494 et
583 3451 746 3511 nunquam
779 3430 903 3493 luerant
927 3451 987 3512 pro
1012 3451 1125 3494 mensa
1152 3433 1230 3495 alias
1253 3433 1410 3509 stolowye.
1449 3432 1681 3514 interrogatus,
1714 3429 1879 3512 quomodo
1902 3429 1966 3490 hoc

413 3541 519 3614 sciret,
550 3539 733 3620 respondit:
765 3559 800 3600 se
825 3540 906 3600 scire
938 3558 980 3600 ex
1004 3549 1096 3618 patre
1120 3559 1189 3612 suo,
1221 3541 1309 3620 quod
1333 3542 1379 3602 ita
1404 3539 1472 3620 suit,
1503 3540 1592 3620 quod
1616 3537 1781 3619 deposuit;
1813 3536 1966 3618 deposuit

413 3649 524 3719 eciam,
560 3645 648 3728 quod
683 3665 726 3708 ex
750 3649 884 3727 antiquo
916 3645 1103 3709 solvebatur
1136 3667 1195 3728 per
1218 3646 1266 3709 IV
1290 3647 1413 3709 solidos
1444 3648 1485 3708 ad
1510 3645 1593 3708 lesta
1617 3646 1765 3726 superius
1793 3643 1965 3723 descripta,

413 3754 472 3817 sed
497 3752 654 3834 plebanus
679 3762 755 3833 post
779 3750 864 3814 bella
887 3752 1009 3824 videns,
1041 3753 1129 3833 quod
1159 3763 1332 3817 contentus
1357 3774 1430 3816 esse
1462 3773 1527 3816 non
1552 3755 1659 3834 potuit
1690 3773 1749 3834 per
1772 3750 1819 3812 IV
1844 3749 1965 3812 solidos

416 3883 477 3944 pro
501 3863 635 3934 scolare,
668 3859 853 3943 parochiani
885 3871 1107 3941 apposuerunt
1132 3862 1193 3924 sibi
1217 3863 1350 3943 singulis
1374 3861 1466 3924 lestis
1497 3881 1555 3941 per
1579 3861 1731 3937 solidum;
1767 3858 1829 3920 alia
1853 3861 1964 3920 nescit.

626 4055 668 4116 A.
697 4067 787 4133 1500,
812 4054 892 4116 lunii
916 4070 967 4130 22,
991 4055 1022 4118 in
1046 4054 1248 4136 Manlrolyno
1273 4056 1303 4118 in
1328 4055 1415 4118 curia
1438 4007 1624 4136 episcopali.

523 4175 610 4244 189.
641 4178 740 4259 (Acta
768 4181 867 4261 episc.
891 4179 971 4262 Vll).
1011 4179 1138 4244 Nobilis
1168 4180 1340 4244 Dorothea
1370 4181 1412 4244 de
1444 4179 1645 4242 Rzeschewo
1677 4188 1790 4240 contra
1821 4177 1964 4240 nobilem

412 4289 583 4351 Nicolaum
608 4285 730 4350 Mathie
754 4287 795 4349 de
818 4286 1106 4368 Wangrzinowo..
1134 4292 1304 4370 proposuit
1330 4289 1441 4364 verbo,
1466 4287 1634 4369 quomodo
1658 4287 1698 4349 de
1716 4304 1801 4348 anno
1822 4284 1888 4346 Dni
1913 4305 1965 4346 nu·

414 4416 473 4478 per
496 4405 662 4456 transacto
686 4413 799 4456 mense
823 4403 856 4457 et
880 4395 994 4458 diebus
1018 4397 1115 4460 certis
1139 4398 1250 4478 sepius
1282 4415 1320 4458 ac
1343 4397 1452 4478 sepius
1480 4415 1552 4458 eam
1586 4393 1746 4456 accedens
1776 4392 1966 4474 expetebat,

412 4512 447 4566 ut
463 4503 493 4565 ei
509 4505 541 4564 in
559 4503 818 4564 coniunctionem
836 4504 997 4566 carnalem
1022 4505 1230 4578 consentiret,
1257 4506 1459 4583 promittens,
1485 4503 1510 4564 si
1526 4503 1559 4564 id
1576 4501 1698 4576 fecerit,
1723 4520 1795 4562 earn
1820 4500 1963 4582 recipere

413 4611 472 4674 sibi
496 4611 528 4672 in
552 4629 697 4684 uxorem,
730 4619 865 4690 propter
889 4631 969 4691 quas
992 4611 1227 4693 promissiones
1252 4621 1328 4674 runc
1352 4631 1390 4673 ac
1414 4613 1528 4672 iterum
1553 4630 1612 4690 per
1635 4627 1708 4670 eum
1733 4609 1891 4690 repetitas
1915 4627 1963 4669 ea-

412 4719 487 4781 dem
512 4717 690 4790 Dorothea,
716 4736 779 4797 que
803 4727 879 4780 tunc
903 4721 1062 4800 temporis
1086 4739 1121 4780 se
1147 4739 1206 4798 pro
1230 4719 1354 4799 virgine
1378 4719 1514 4800 gerebat
1538 4728 1571 4778 et
1595 4717 1688 4796 virgo
1712 4724 1789 4788 erat,
1814 4713 1963 4795 precibus

412 4827 513 4905 ipsius
537 4822 663 4887 Nicolai
687 4825 807 4898 annuit,
834 4824 876 4887 illi
901 4825 1028 4888 adhesit
1051 4828 1082 4887 in
1108 4825 1260 4888 effectum
1286 4825 1484 4888 matrimonii
1508 4825 1668 4905 promissi,
1692 4822 1810 4903 illeque
1834 4841 1906 4884 eam
1931 4821 1961 4882 in

412 4933 544 4995 domum
580 4933 743 5012 propriam
775 4933 902 5012 publice
934 4935 1058 5014 recepit
1089 4955 1126 4996 ac
1152 4953 1332 5014 perunum
1356 4953 1475 4994 annum
1507 4930 1557 4994 vel
1581 4931 1660 4992 citra
1691 4931 1794 4991 tenuit
1825 4947 1963 4990 comma-

413 5041 528 5116 nendo,
553 5059 650 5120 quam
674 5042 720 5101 sic
744 5039 912 5102 seductam
937 5051 970 5104 et
995 5040 1120 5103 illusam
1145 5041 1176 5102 in
1200 5039 1393 5102 condicione
1417 5040 1517 5101 nobili
1542 5058 1579 5100 ac
1596 5047 1683 5100 statu
1708 5036 1854 5117 virginali
1877 5035 1964 5098 dete·

411 5151 565 5212 rioratam
589 5146 770 5228 repudiavit
794 5148 1018 5231 repudiatque,
1049 5148 1111 5211 alia
1136 5149 1195 5212 sibi
1220 5148 1352 5211 muliere
1376 5147 1581 5228 superducta,
1613 5155 1730 5226 petens
1757 5145 1899 5206 constito
1923 5143 1963 5206 de

411 5257 577 5340 premissis
601 5254 752 5336 compelli
777 5257 819 5318 ad
843 5259 1025 5320 consumati
1050 5257 1246 5320 matrimonii
1279 5275 1337 5336 per
1360 5255 1522 5316 carnalem
1553 5253 1703 5334 copulam
1728 5250 1964 5315 sollennisacio·

410 5383 486 5428 nem
510 5364 541 5426 in
566 5363 647 5426 facie
671 5363 814 5439 ecclesie,
847 5363 873 5424 si
897 5384 981 5444 opus
1004 5375 1063 5440 est,
1096 5364 1176 5428 alias
1208 5363 1362 5427 obstante
1394 5362 1537 5424 secunda
1569 5381 1671 5422 uxore
1702 5361 1744 5423 ad
1768 5359 1910 5422 dandum
1934 5358 1964 5420 ei

411 5475 524 5537 dotem
548 5473 640 5534 iuxta
663 5471 887 5534 condicionem
912 5481 1017 5535 status
1040 5473 1158 5536 nobilis
1181 5471 1332 5535 videlicet
1356 5469 1593 5552 Lsexagenas.
1617 5467 1669 5531 Ex
1686 5467 1824 5530 adverso
1848 5465 1963 5528 nobilis

412 5578 564 5642 Nicolaus
588 5577 778 5642 deliberavit
802 5579 843 5642 ad
859 5579 934 5644 XV.
958 5579 1002 5642 Et
1025 5578 1108 5642 dnus
1132 5579 1236 5642 Rmus
1261 5589 1398 5659 propter
1422 5576 1566 5638 locorum
1591 5576 1807 5639 variacionem
1831 5591 1960 5636 causam

411 5687 596 5754 huiusmodi
627 5686 668 5748 ad
691 5687 915 5750 consistorium
944 5685 1102 5752 Plocense
1134 5689 1257 5754 remisit
1288 5683 1514 5752 audiendam..

2187 5482 2195 5534 t

2152 5599 2156 5608 “
2167 5587 2195 5648 {lt

2148 5691 2183 5742 *tr
