4458 6674
416 693 475 758 118
886 695 979 741 ACTA
997 693 1121 742 tuulcn
1138 693 1275 744 ECCLFAE.
1297 695 1482 744 PLOOENsrs

625 905 667 968 A.
698 921 787 986 1507,
812 904 1016 984 Septembris
1042 921 1091 986 25,
1116 908 1149 966 in
1172 906 1311 989 lunyecz
1334 910 1366 968 in
1391 909 1476 969 curia
1502 909 1688 989 episcopali.

520 1026 609 1094 258.
642 1029 740 1109 (Acta
765 1034 862 1109 episc.
889 1031 990 1112 Vlll..
1022 1030 1148 1092 Nobilis
1173 1029 1281 1092 Adam
1309 1031 1542 1112 Radziminsky
1574 1031 1712 1094 adacta
1742 1034 1909 1113 presencia
1932 1035 1965 1092 in

413 1158 525 1198 manus
551 1137 625 1198 Rmi
649 1138 702 1197 dni
729 1139 872 1215 reposuit
898 1137 941 1198 Vl
966 1157 1149 1216 sexagenas
1174 1159 1219 1217 gr.
1246 1139 1274 1198 in
1300 1141 1414 1200 mediis
1438 1159 1483 1218 gr.
1509 1161 1569 1220 pro
1595 1139 1730 1202 Nicolao
1756 1138 1899 1200 Pachucz
1924 1138 1964 1199 de

412 1243 644 1324 Boguslavicze
676 1258 708 1305 et
735 1246 870 1305 Andrea
902 1245 1026 1306 Nicolai
1052 1242 1135 1306 Gula
1168 1245 1207 1305 de
1233 1244 1366 1316 lezewo,
1399 1265 1478 1324 quas
1502 1265 1537 1306 se
1562 1244 1688 1308 solvere
1721 1246 1902 1326 obligarant
1931 1254 1965 1306 et

411 1353 640 1431 inscripserant
664 1353 705 1412 ad
729 1361 802 1412 acta
826 1353 995 1431 presencia
1019 1372 1079 1432 pro
1097 1371 1180 1429 pena
1201 1354 1513 1432 presbitericid
1526 1355 1552 1413 ii
1574 1375 1631 1432 per
1647 1352 1814 1414 Andream
1833 1351 1964 1414 Lathlra

412 1459 452 1519 de
476 1459 708 1540 Boguslavicze
734 1459 859 1537 patrati,
885 1479 948 1537 qua
973 1461 1109 1538 pecunia
1133 1471 1266 1536 recepta
1291 1459 1393 1519 Rmus
1418 1461 1500 1520 dnus
1524 1459 1692 1521 ecclesiam
1718 1458 1897 1541 predictam
1923 1459 1964 1520 ab
2048 1529 2049 1534 .

411 1564 583 1626 interdicto
609 1565 767 1626 relaxavit
792 1565 850 1624 sub
876 1586 914 1624 ea
939 1565 1130 1625 condicione
1155 1577 1188 1626 et
1211 1566 1415 1647 obligatione
1440 1567 1540 1645 ipsius
1563 1566 1617 1628 dni
1642 1565 1727 1646 Ade,
1752 1567 1840 1645 quod
1856 1585 1964 1644 quarn·

412 1675 548 1752 primum
574 1674 703 1750 poterit,
728 1673 848 1732 dictum
867 1671 1143 1751 presbitericidam
1168 1674 1346 1751 captivabit
1371 1683 1404 1734 et
1422 1674 1508 1734 Rmo
1525 1673 1590 1733 dno
1608 1673 1808 1752 presentabit
1833 1673 1965 1753 punien-

411 1780 488 1840 dum
512 1777 563 1840 vel
588 1777 666 1839 alias
690 1779 828 1840 eundem
854 1799 919 1839 non
944 1778 1087 1840 servabit
1112 1779 1348 1859 quoquomodo
1371 1781 1403 1840 in
1429 1779 1522 1841 bonis
1546 1781 1619 1842 suis.

626 1970 666 2030 Α.
696 1985 786 2050 1507,
812 1969 1003 2032 Decembris
1033 1987 1079 2049 17,
1103 1972 1134 2031 in
1159 1970 1327 2032 Poltowsk
1352 1974 1382 2034 in
1408 1974 1493 2033 curia
1518 1970 1706 2052 episcopali.

519 2091 608 2160 259.
632 2095 730 2176 (Acta
755 2096 853 2176 episc.
880 2095 983 2174 Vlll..
1009 2095 1270 2176 Comparuerunt
1294 2100 1323 2157 in
1348 2098 1465 2159 iudicio
1489 2117 1599 2160 coram
1626 2097 1713 2158 Rmo
1736 2097 1803 2158 dno
1828 2095 1964 2158 Erasmo

411 2207 567 2286 episcopo
592 2201 740 2264 Plocensi
764 2225 806 2264 ex
831 2201 938 2264 officio
962 2205 1049 2265 citati
1073 2202 1186 2265 honor.
1203 2203 1354 2266 Allexrus
1370 2207 1411 2266 de
1429 2203 1620 2284 Gladczyno
1637 2207 1666 2264 in
1685 2203 1819 2283 Pnyevo
1836 2215 1965 2264 curatus

411 2325 445 2372 et
468 2313 627 2372 discretus
651 2310 848 2371 Laurencius
872 2311 1018 2372 minister
1041 2309 1129 2372 scole
1153 2310 1194 2371 de
1218 2310 1350 2372 Zathori
1374 2321 1407 2372 et
1431 2313 1594 2373 incorum
1621 2312 1786 2391 presencia
1811 2329 1890 2392 mgr.
1908 2309 1965 2370 Al·

412 2419 522 2480 bertus
547 2416 752 2478 Warkoczlra
787 2427 978 2497 procurator
1009 2429 1042 2478 et
1074 2419 1205 2479 nomine
1237 2419 1436 2498 instigatoris
1469 2418 1562 2479 officii
1596 2417 1697 2479 verbo
1729 2427 1842 2479 contra
1874 2420 1965 2496 ipsos

413 2524 586 2604 plebanum
611 2535 644 2586 et
668 2524 846 2585 ministrum
872 2524 1056 2604 proposuit,
1083 2523 1220 2604 qualiter
1244 2527 1314 2604 ipse
1338 2524 1497 2605 plebanus
1522 2545 1586 2586 non
1611 2525 1743 2604 ignarus
1767 2535 1963 2586 statutorum

411 2642 445 2693 et
468 2632 673 2692 decretorum
704 2631 947 2710 provincialium
981 2644 1013 2691 et
1038 2631 1230 2693 sinodalium
1254 2633 1578 2713 diocesanorumque,
1611 2631 1727 2711 quibus
1751 2641 1879 2692 cautum
1905 2641 1965 2702 est,

411 2759 451 2799 ne
477 2757 648 2819 processus
681 2740 842 2818 peregrini
866 2738 1063 2816 recipiantur
1086 2759 1145 2818 per
1170 2741 1356 2819 quempiam
1390 2739 1420 2798 in
1446 2737 1567 2800 diocesi
1591 2749 1646 2800 aut
1671 2749 1881 2818 exequantur,
1906 2737 1964 2798 nisi

411 2857 487 2907 ante
511 2846 619 2907 omnia
643 2843 760 2906 fuerint
784 2844 845 2906 loci
869 2845 1031 2906 ordinario
1056 2856 1110 2907 aut
1135 2865 1194 2906 suo
1219 2845 1362 2926 capitulo
1395 2845 1445 2908 vel
1469 2843 1595 2906 officiali
1619 2844 1762 2926 generali
1787 2846 1965 2926 presentati

411 2965 444 3014 et
468 2953 612 3030 admissi;
643 2951 706 3014 hoc
731 2965 840 3013 tamen
864 2971 930 3014 non
954 2963 1082 3014 attento
1105 2955 1176 3034 ipse
1201 2953 1359 3032 plebanus
1383 2963 1434 3015 est
1458 2963 1615 3014 executus
1644 2963 1750 3014 certas
1774 2965 1881 3013 cartas
1905 2953 1965 3030 pri·

411 3072 503 3122 ratas
528 3079 592 3120 non
610 3060 717 3140 aliquo
742 3058 847 3138 sigillo
872 3069 927 3120 aut
949 3058 1041 3119 titulo
1066 3059 1243 3138 insignitas,
1267 3061 1326 3121 sed
1343 3057 1501 3128 salsitatis,
1526 3060 1709 3140 calumpnie
1732 3071 1765 3120 et
1781 3059 1964 3120 iniuriarum

412 3167 525 3249 plenas
550 3177 583 3230 et
608 3166 812 3229 famosum
837 3165 1031 3227 libellum
1056 3167 1087 3226 in
1109 3168 1254 3228 iniuriam
1279 3176 1313 3228 et
1336 3167 1588 3228 minoracionem
1613 3176 1717 3227 status
1741 3176 1774 3226 et
1799 3165 1964 3244 dignitatis

412 3277 511 3353 ipsius
535 3275 609 3336 Rmi
634 3275 688 3336 dni
712 3272 918 3336 confictatam
944 3283 977 3336 et
1002 3273 1199 3342 fabricatam,
1232 3284 1381 3355 petens..
1406 3273 1527 3336 dictum
1553 3273 1724 3353 plebanum
1757 3283 1833 3332 ante
1857 3273 1965 3332 omnia

412 3385 442 3442 in
467 3401 553 3461 pena
576 3381 713 3444 sinodali
738 3380 781 3442 III
805 3399 983 3441 marcarum
1009 3391 1145 3460 propter
1166 3381 1347 3442 huiusmodi
1372 3382 1598 3460 recepcionem
1623 3397 1834 3460 processuum
1860 3380 1962 3459 puniri

411 3501 443 3550 et
468 3489 679 3550 condemnari
703 3509 740 3550 ac
764 3487 904 3567 denique
929 3498 1104 3568 propterea
1129 3488 1217 3568 quod
1242 3489 1362 3550 dictum
1388 3486 1529 3549 libellum
1556 3486 1715 3547 famosum
1740 3505 1805 3546 non
1827 3487 1964 3554 retinuit.

411 3594 468 3658 sed
493 3597 585 3657 alteri
610 3596 787 3676 publicavit
810 3596 840 3655 in
858 3593 997 3656 Obrithe
1022 3596 1247 3656 transmittens
1271 3595 1362 3655 iuxta
1386 3613 1540 3656 excessus
1565 3595 1780 3672 quantitatem
1805 3593 1965 3673 condigna

411 3703 693 3764 animadversione
717 3702 828 3781 puniri.
854 3701 895 3762 Et
919 3703 1024 3763 dictus
1050 3700 1206 3781 plebanus
1230 3701 1414 3762 exadverso
1439 3699 1607 3762 confessus
1632 3709 1682 3762 est
1705 3719 1746 3761 se
1758 3700 1875 3761 dictam
1899 3717 1962 3761 car-

411 3809 500 3872 tham
526 3829 545 3870 a
568 3807 728 3889 Gregorio
753 3807 893 3887 plebano
915 3809 947 3868 in
964 3807 1095 3870 Zathori
1120 3829 1179 3888 per
1203 3809 1323 3870 dictum
1349 3809 1528 3870 ministrum
1554 3806 1641 3866 scole
1665 3807 1725 3868 sibi
1750 3806 1889 3868 directas
1912 3805 1965 3867 ha·

411 3917 519 3978 buisse
544 3929 577 3978 et
601 3917 831 3997 subscripsisse
855 3915 1037 3988 mandasse,
1070 3936 1106 3976 se
1129 3926 1239 3976 tamen
1263 3918 1396 3990 nescire,
1434 3917 1510 3994 quid
1534 3915 1565 3976 in
1590 3913 1704 3976 eadem
1729 3911 1964 3984 continebatur,

411 4023 599 4100 affirnravit3
630 4032 662 4084 et
688 4024 833 4084 minister
858 4021 1025 4083 confessus
1050 4034 1100 4084 est
1125 4043 1160 4083 se
1185 4023 1303 4083 dictam
1336 4031 1458 4082 cartam
1491 4023 1532 4082 de
1558 4022 1713 4082 mandato
1746 4017 1876 4100 plebani
1907 4019 1965 4096 sui,

412 4151 507 4209 quarn
533 4131 616 4192 dnus
632 4127 810 4192 Phalislaus
833 4131 864 4189 in
883 4128 1084 4190 Dzerzenino
1110 4129 1247 4189 vicarius
1264 4139 1297 4190 et
1314 4129 1574 4190 commendarius
1595 4127 1635 4188 ad
1652 4127 1772 4188 dictum
1791 4125 1962 4206 plebanum

411 4239 441 4298 in
466 4239 568 4316 ipsius
600 4238 767 4318 presencia
791 4237 962 4317 aportavit,
994 4235 1156 4306 detulisse,
1182 4237 1312 4317 negavit
1344 4257 1378 4298 se
1404 4245 1512 4297 tamen
1538 4245 1685 4296 tenorem
1715 4234 1815 4312 ipsius
1840 4233 1964 4312 legisse.

412 4344 454 4406 Et
478 4345 582 4405 Rmus
606 4345 688 4405 dnus
713 4346 953 4404 communicato
978 4343 1112 4404 consilio
1136 4344 1212 4403 iuris
1236 4345 1412 4423 peritorum
1438 4343 1469 4402 in
1487 4362 1571 4422 pena
1595 4341 1635 4402 111
1653 4359 1831 4401 marcarum
1857 4339 1964 4419 pleba-

412 4471 486 4511 nunr
520 4452 773 4531 condempnavit
804 4461 837 4511 et
870 4461 904 4512 ut
928 4450 1201 4511 deliberacionem
1237 4471 1335 4530 super
1371 4451 1513 4510 ulteriori
1544 4449 1763 4530 castigacione
1796 4447 1964 4527 reciperet,

411 4559 577 4619 mandavit
610 4557 783 4636 plebanum
816 4567 849 4619 et
873 4559 1053 4618 ministrum
1087 4559 1117 4617 in
1143 4567 1250 4618 castro
1282 4559 1412 4618 retineri
1445 4567 1504 4636 prb
1528 4557 1684 4624 custodia,
1716 4553 1821 4615 donec
1852 4563 1966 4614 auctor

413 4666 526 4744 prelati
552 4664 649 4726 libelli
674 4664 768 4727 suerit
792 4667 936 4744 legitime
960 4675 1148 4745 compertus
1173 4677 1205 4726 et
1229 4674 1462 4744 comportatus,
1497 4673 1529 4724 et
1553 4675 1674 4724 extunc
1699 4681 1756 4723 sua
1780 4660 1857 4722 Ptas
1881 4679 1966 4720 corn·

410 4774 497 4834 misit
522 4773 664 4835 discreto
689 4773 801 4833 Abrae
826 4772 995 4852 capellano
1020 4782 1054 4834 et
1078 4773 1243 4834 mandavit
1269 4771 1424 4832 Mathiam
1450 4770 1622 4849 plebanum
1648 4771 1680 4829 in
1705 4768 1907 4829 Dzerzenino
1932 4775 1965 4827 et

411 4878 604 4940 Phalislaum
630 4881 904 4941 commendariunr
930 4901 1021 4940 suum
1051 4900 1111 4960 pro
1136 4879 1155 4940 f.
1181 4875 1236 4940 llda
1264 4900 1355 4959 prox.
1380 4879 1420 4940 ad
1446 4879 1619 4939 intenciam
1644 4877 1843 4957 instigatoris
1867 4871 1964 4935 olsrcii

412 4989 499 5048 citari
526 4987 565 5046 ad
591 4987 853 5065 respondendum
879 4987 1018 5049 articulis
1043 5007 1085 5048 ex
1111 4985 1216 5046 officio
1240 4987 1472 5066 proponendis.

627 5180 666 5240 A.
697 5183 787 5260 1508,
813 5179 948 5241 Ianuarii
977 5196 1023 5261 17,
1047 5182 1079 5240 in
1102 5179 1269 5242 Poltowsk
1292 5181 1323 5240 in
1348 5182 1434 5240 curia
1458 5179 1644 5258 episcopali.

519 5301 607 5368 260.
632 5305 731 5385 (Acta
754 5308 852 5386 episc.
876 5305 981 5388 Vlll..
999 5307 1116 5368 Rmo..
1135 5309 1199 5368 dno
1217 5305 1353 5366 Erasmo
1372 5305 1410 5367 D.
1431 5325 1462 5382 g.
1479 5305 1637 5382 episcopo
1656 5301 1799 5362 l'locensi
1811 5351 1833 5362 ..
1851 5319 1965 5361 causas

411 5415 560 5476 audiente
585 5417 767 5493 comparuit
799 5415 827 5472 iu
854 5415 970 5475 iudicio
993 5414 1108 5475 honor.
1133 5414 1296 5475 lohannes
1321 5412 1608 5491 Wyeczwyensky
1641 5410 1673 5468 in
1698 5407 1889 5487 lanowyecz
1914 5425 1964 5464 cu·

411 5535 498 5583 ratus
523 5523 651 5582 nornine
675 5523 874 5602 instigatoris
899 5520 994 5581 officii
1019 5522 1196 5600 oblataque
1221 5522 1381 5580 citacione
1415 5518 1526 5579 debite
1549 5529 1689 5577 executa
1713 5525 1827 5575 contra
1850 5511 1964 5573 honor.

411 5630 588 5690 Roslavum
621 5628 661 5689 de
687 5628 897 5690 Warschovia
928 5629 1116 5688 canonicum
1151 5627 1390 5688 Poltoviensem
1425 5635 1457 5686 et
1481 5627 1512 5686 in
1539 5625 1707 5704 presencia
1738 5622 1838 5699 ipsius
1863 5619 1964 5680 verbo

411 5739 591 5817 proposuit,
616 5736 703 5816 quod
720 5755 793 5796 cum
809 5736 886 5797 alias
904 5755 1018 5796 omnes
1043 5733 1179 5796 ecclesie
1203 5744 1270 5795 tam
1290 5731 1484 5794 cathedralis
1509 5751 1603 5810 quam
1629 5731 1801 5810 collegiate
1826 5725 1964 5787 diocesis
