4458 6674
425 663 485 710 100
891 644 984 693 ACTA
1003 643 1128 693 IUDlCll
1148 641 1284 692 ECCLES.
1305 643 1492 691 PLOCENSIS

733 736 820 742 --..—
826 733 974 740 -————-=
1012 735 1033 740 ...
1037 734 1087 741 .-
1355 732 1537 739 ——-

417 877 546 936 semper
570 877 668 935 agros
692 855 956 936 augmentabant,
989 855 1091 916 etsie
1116 855 1145 914 in
1171 863 1264 934 parte
1288 856 1385 916 sortis
1409 873 1467 916 sue
1499 851 1633 934 quilibet
1657 851 1790 915 fratrum
1821 853 1970 915 inducen-

417 965 510 1034 cium,
545 964 598 1044 qui
625 962 668 1022 iV
693 973 776 1036 sunt,
801 959 998 1023 kmethones
1022 961 1081 1022 sibi
1106 960 1223 1022 locavit
1248 962 1278 1022 in
1303 961 1389 1040 agris
1413 962 1458 1021 sic
1483 957 1614 1022 refossis
1642 957 1721 1020 alias
1745 957 1969 1038 roskopanych.

417 1070 650 1152 Interrogatus,
673 1087 713 1130 an
738 1067 876 1130 ortulani
902 1087 958 1128 seu
983 1069 1179 1130 lrmethones
1202 1071 1265 1128 sint
1291 1067 1401 1136 locati,
1425 1067 1519 1129 dixit:
1552 1077 1586 1128 et
1610 1063 1805 1128 kmethones
1829 1077 1863 1128 et
1886 1077 1970 1128 ortu·

417 1178 493 1254 lani;
517 1195 750 1256 numerumque
774 1195 886 1237 eorum
909 1177 1011 1236 nescit
1036 1177 1143 1252 testis;
1167 1175 1335 1246 decimam,
1361 1183 1396 1234 ut
1416 1174 1510 1236 testis
1535 1173 1689 1246 meminit,
1713 1173 1899 1254 prepositus
1923 1192 1970 1234 ec·

418 1284 514 1347 clesie
540 1281 733 1364 parochialis
756 1285 788 1344 in
813 1281 933 1343 Zuzola
957 1282 1157 1362 percipiebat
1182 1301 1223 1343 ex
1248 1283 1391 1360 antiquo.
1460 1333 1463 1340 .

632 1477 672 1537 A.
702 1491 793 1556 1503,
818 1437 1021 1554 Septembris
1048 1477 1098 1546 26,
1122 1477 1153 1535 in
1179 1474 1346 1536 Poltowsk
1371 1477 1515 1536 incuria
1540 1473 1727 1554 episcopali.

525 1599 614 1666 238.
639 1601 738 1682 (Acta
762 1603 858 1681 episc.
876 1600 959 1676 lai..
983 1599 1139 1662 Testes
1164 1603 1320 1680 recepti..
1346 1620 1405 1678 pro
1423 1608 1516 1680 parte
1536 1598 1647 1660 honor.
1667 1597 1791 1660 Nicolai
1816 1600 1849 1660 in
1865 1598 1970 1682 Obry·

416 1713 471 1771 the
496 1707 624 1789 plebani
649 1719 762 1770 contra
789 1709 962 1768 discretum
989 1705 1155 1768 Allexiurn
1180 1705 1308 1786 Myska,
1336 1707 1488 1768 vicarium
1514 1707 1614 1786 ipsius
1638 1704 1779 1768 indicta
1805 1703 1969 1786 Obrythe:

523 1814 588 1876 Pri
600 1835 629 1874 m
641 1836 685 1874 us
710 1816 801 1875 testis
820 1814 999 1875 laboriosus
1023 1812 1177 1875 Nicolaus
1194 1813 1299 1880 Runo.
1325 1813 1460 1874 kmetho
1484 1813 1526 1874 de
1543 1809 1726 1892 Obrythe..
1752 1813 1969 1894 interrogatus

415 1925 456 1985 de
474 1933 567 2003 raptu
593 1921 747 1983 offertorii
770 1943 827 2003 per
845 1922 1010 1983 Allexium
1037 1920 1163 2001 Myska,
1189 1931 1224 1981 ut
1248 1923 1279 1980 in
1302 1921 1532 2000 proposicione
1556 1919 1750 1992 continetur,
1774 1921 1850 1981 testi
1875 1919 1969 1980 nichil

416 2041 554 2102 constat,
579 2040 612 2090 et
637 2031 738 2088 eciam
755 2031 983 2108 interrogatus
1008 2048 1047 2088 an
1066 2027 1212 2107 complet
1229 2029 1372 2108 servicia,
1397 2027 1492 2088 testis
1509 2027 1619 2088 nescit.
1645 2025 1725 2088 ltem
1741 2029 1969 2106 interrogatus

417 2156 456 2198 an
482 2137 558 2198 dicit
590 2136 688 2198 horas
712 2138 892 2202 canonicas,
926 2135 1102 2214 respondit,
1136 2135 1223 2214 quod
1248 2135 1300 2194 sic.
1341 2133 1571 2214 interrogatus,
1604 2153 1644 2194 an
1669 2137 1970 2196 excommunicatos

415 2243 504 2304 audit
529 2241 760 2316 confessiones,
786 2241 953 2322 respondit
978 2263 1012 2302 se
1037 2243 1169 2302 nescire.
1205 2245 1434 2320 Interrogatus,
1458 2242 1484 2302 si
1509 2251 1560 2302 est
1584 2243 1755 2304 continuus
1780 2243 1809 2302 in
1835 2241 1969 2302 taberna

415 2361 448 2410 et
473 2349 591 2410 ibidem
625 2359 797 2430 pernoctat
829 2359 861 2409 et
895 2369 935 2410 an
959 2360 1047 2411 esset
1081 2359 1253 2429 suspectus
1286 2348 1328 2410 de
1352 2348 1510 2409 adulterio
1541 2367 1615 2409 cum
1648 2347 1788 2428 quadam
1821 2347 1969 2417 Durzina,

414 2457 526 2517 nescit
551 2456 630 2517 item
655 2457 880 2536 interrogatus,
905 2477 945 2516 an
964 2457 1033 2536 ipse
1054 2453 1200 2517 Allexius
1222 2456 1263 2516 sit
1284 2457 1412 2516 rixosus
1436 2474 1508 2516 cum
1533 2455 1675 2535 plebano
1699 2465 1754 2518 aut
1778 2455 1847 2516 aliis
1870 2453 1969 2516 homi·

416 2563 521 2630 nibus,
546 2563 638 2624 testis
662 2564 844 2642 respondit,
876 2563 964 2644 quod
989 2561 1066 2624 feria
1091 2563 1132 2624 111
1158 2581 1249 2642 prox.
1274 2562 1386 2641 elapsa
1417 2573 1494 2624 ante
1519 2561 1694 2637 Michaelis,
1725 2561 1877 2625 Allexius
1901 2581 1970 2643 per·

414 2691 510 2732 cusso
534 2669 697 2732 Stanislao
722 2672 868 2733 ministro
893 2670 1022 2750 plebani
1049 2671 1089 2731 ibi
1106 2673 1216 2742 iverat,
1241 2669 1281 2730 ad
1299 2689 1396 2750 quern
1417 2669 1565 2731 Allexius
1588 2667 1695 2750 lapide
1719 2681 1769 2732 ter
1789 2669 1969 2752 proiciebat

415 2778 554 2840 dicendo
578 2791 610 2838 et
627 2775 798 2839 clamando
822 2789 898 2858 post
915 2798 1001 2838 eum:
1027 2775 1120 2838 Sicce
1137 2779 1220 2857 lupe,
1244 2776 1342 2856 trachy
1367 2775 1471 2852 vylku,
1495 2781 1581 2838 sicca
1599 2797 1707 2858 perna,
1730 2775 1829 2856 sucuy
1846 2777 1969 2858 pulcari,

415 2886 493 2946 alias
516 2887 659 2965 pessime
684 2885 767 2947 latro
792 2885 850 2946 des
873 2883 969 2946 michi
996 2903 1124 2966 pacem;
1159 2884 1302 2965 plebano
1334 2882 1431 2945 nichil
1454 2885 1592 2958 dicente,
1625 2883 1728 2946 solum
1753 2895 1839 2946 teste
1864 2895 1969 2965 prote·

416 3001 531 3053 stante.
569 2991 650 3052 item
675 2993 894 3072 interrogatus
918 2992 958 3052 ad
984 2991 1246 3072 proposicionem
1272 2989 1422 3053 Stanislai
1448 2991 1592 3066 ministri,
1624 2993 1717 3054 testis
1741 2993 1909 3072 respondit
1933 3011 1969 3054 se

416 3117 479 3160 non
498 3097 680 3161 interfuisse
698 3099 767 3160 rixe
785 3100 989 3178 interipsum
1007 3098 1202 3160 Stanislaum
1220 3109 1253 3161 et
1270 3097 1435 3160 Allexium
1454 3097 1547 3170 facte,
1572 3096 1675 3160 solum
1694 3097 1772 3161 vidit
1789 3099 1967 3162 ministrum

416 3215 557 3268 stantem
582 3207 614 3266 in
631 3225 692 3266 una
710 3207 841 3267 camisia
864 3207 895 3266 in
915 3203 1039 3284 palacio
1064 3205 1151 3267 scole
1176 3215 1208 3266 et
1226 3204 1365 3285 aliquem
1390 3207 1579 3285 sanguinem
1597 3205 1656 3266 sibi
1681 3223 1723 3266 ex
1740 3225 1797 3266 ore
1814 3203 1966 3268 fluentem

414 3331 457 3374 ex
474 3315 683 3392 percussione
708 3311 827 3374 Allexii
848 3313 1029 3391 presbiteri;
1053 3315 1131 3374 item
1145 3313 1186 3374 de
1205 3313 1382 3373 laniacione
1400 3311 1533 3391 pellicee
1558 3313 1777 3392 interrogatus
1793 3312 1968 3391 respondit,

416 3418 504 3499 quod
528 3419 608 3481 vidit
633 3420 795 3491 laniatam,
820 3421 877 3482 sed
903 3421 1006 3482 nescit
1032 3439 1246 3500 perquem..

629 3612 670 3674 A.
702 3627 791 3692 1503,
820 3613 1010 3674 Decembris
1039 3630 1062 3683 r,
1087 3615 1118 3672 in
1145 3613 1281 3695 lunyecz
1305 3617 1335 3674 in
1360 3615 1446 3674 curia
1470 3615 1656 3694 episcopali.

523 3733 612 3800 239.
645 3736 742 3818 (Acta
767 3738 865 3817 episc.
890 3737 971 3818 Vll).
1009 3737 1301 3817 Dispensacio
1334 3757 1439 3798 rerum
1474 3749 1548 3817 post
1571 3737 1647 3799 olim
1672 3737 1827 3801 Iacobum
1853 3741 1882 3799 in
1909 3739 1967 3801 Ra·

414 3845 566 3925 dzymino
590 3843 763 3924 plebanum
788 3845 978 3906 intestatum
1005 3853 1165 3906 mortuum
1192 3845 1417 3907 derelictarum
1444 3865 1502 3925 per
1518 3845 1637 3906 Rmum
1658 3845 1757 3907 dnum
1775 3847 1966 3926 episcopum

415 3951 605 4014 Ploceusem
630 3987 671 3995 -
697 3951 801 4012 Rmus
824 3951 907 4012 dnus
932 3951 1128 4013 Vincencius
1160 3951 1198 4013 D.
1223 3973 1253 4033 g.
1278 3953 1452 4033 episcopus
1477 3951 1640 4014 Plocensis
1671 3953 1892 4031 dispensando
1916 3954 1967 4014 de·

413 4058 524 4120 relicta
548 4077 606 4138 per
630 4056 706 4119 olim
732 4057 884 4119 Iacobum
911 4059 1084 4139 plebanum
1109 4061 1140 4119 in
1167 4060 1373 4139 Radzymino
1404 4070 1560 4140 tanquam
1585 4079 1756 4141 supremus
1785 4071 1967 4141 exequutor

413 4175 684 4228 testamentorum
717 4167 761 4226 ita
784 4167 1000 4246 dispensavit:
1032 4167 1181 4247 Inprimis
1213 4168 1348 4229 ecclesie
1379 4169 1410 4228 in
1436 4167 1648 4248 Radzymin0‚
1679 4170 1727 4228 cui
1753 4167 1859 4229 dictus
1890 4167 1965 4228 olim

413 4271 550 4333 lacobus
576 4270 702 4351 prefuit,
727 4271 758 4333 V
783 4271 947 4334 volumina
971 4271 1132 4335 librorum.
1158 4273 1326 4336 videlicet:
1352 4297 1375 4336 s.
1400 4275 1578 4336 Hieronimi
1604 4276 1726 4356 scripta
1750 4294 1847 4356 super
1872 4286 1966 4336 vetus

412 4391 444 4441 et
462 4399 580 4440 novum
605 4389 838 4441 testamentum
864 4391 897 4441 et
918 4379 1015 4443 libros
1040 4401 1225 4442 sermonum
1250 4381 1383 4442 donavit
1401 4393 1562 4463 perpetuo
1579 4382 1634 4445 tali
1651 4381 1855 4446 condicione:
1880 4393 1966 4463 post·

413 4504 509 4564 quam
535 4485 695 4565 plebanus
719 4487 916 4548 ordinaverit
941 4487 1004 4566 legi
1029 4499 1094 4549 tres
1119 4489 1298 4550 tricesimas
1322 4509 1382 4568 pro
1407 4491 1513 4550 anima
1537 4491 1637 4568 ipsius
1661 4489 1790 4569 plebani
1815 4487 1966 4551 defuncti.

413 4591 494 4654 Item
520 4591 727 4674 Margarethe
752 4593 907 4655 servitrici
933 4594 1008 4654 dicti
1035 4595 1110 4654 olim
1137 4595 1266 4674 plebani
1291 4594 1430 4656 mediam
1456 4615 1655 4676 sexagenam
1689 4599 1720 4656 in
1744 4593 1854 4659 solidis
1877 4595 1965 4658 dedit

397 4709 447 4791 ¹et
470 4699 611 4761 donavit.
650 4699 732 4760 Item
758 4699 892 4762 Iohanni
916 4700 1151 4781 Radzimiuslry
1176 4721 1333 4780 germano
1358 4699 1433 4762 olim
1460 4701 1587 4781 plebani
1613 4723 1672 4780 pro
1696 4705 1857 4782 expositis
1880 4701 1966 4764 fune·

413 4803 525 4866 ralium
550 4805 578 4866 ll
603 4826 788 4886 sexagenas
812 4809 842 4866 in
868 4805 986 4870 solidis.
1028 4808 1108 4869 ltem
1134 4808 1267 4870 iohanni
1293 4806 1513 4890 Skarzynslry,
1547 4811 1661 4871 vitrico
1687 4810 1824 4872 ecclesie
1849 4811 1879 4870 in
1906 4809 1967 4871 Ra·

413 4911 586 4994 dzymyno,
611 4911 639 4974 11
657 4933 839 4992 sexagenas
856 4926 888 4976 et
905 4913 1002 4976 XXII
1019 4935 1065 4995 gr.
1089 4917 1120 4976 in
1138 4915 1258 4988 solidis,
1283 4915 1419 4978 ecclesie
1443 4917 1473 4976 in
1491 4917 1577 4978 dicta
1597 4917 1814 4998 Radzymyno
1830 4917 1965 4979 debitas

412 5018 493 5080 Item
518 5019 627 5092 Paulo,
661 5019 802 5098 plebano
828 5023 857 5082 in
882 5021 1022 5102 Crysko,
1053 5022 1100 5084 IV
1125 5023 1261 5087 ducatos
1286 5024 1315 5083 in
1341 5033 1480 5085 moneta.
1516 5023 1596 5085 ltem
1622 5021 1767 5092 Nicolao,
1792 5025 1911 5086 vicario
1935 5027 1965 5084 in

412 5125 567 5196 Zulrowo,
593 5125 618 5187 ll
644 5147 810 5210 sexagene
834 5131 864 5189 in
890 5129 1000 5191 solidis
1024 5131 1103 5191 certi
1128 5129 1237 5192 debiti.
1276 5129 1357 5192 Item
1384 5129 1525 5202 iohanni,
1558 5129 1701 5193 familiari
1726 5131 1802 5192 olim
1827 5131 1965 5210 plebani,

412 5229 506 5312 Xgr.
531 5234 562 5292 in
586 5233 705 5296 solidis.
731 5234 810 5296 Item
836 5235 959 5297 mulieri
985 5235 1164 5299 Katherine
1189 5257 1247 5316 pro
1265 5239 1371 5318 capite
1397 5240 1561 5320 patrissui
1586 5241 1685 5300 occisi
1710 5239 1849 5300 mediam
1875 5259 1966 5301 sexa·

410 5358 528 5418 genam
553 5341 583 5400 in
601 5342 723 5411 solidis,
748 5343 837 5402 cuius
855 5343 1012 5421 plebanus
1037 5345 1145 5406 extitit
1163 5343 1342 5406 fideiussor.
1367 5345 1450 5407 Item
1468 5345 1601 5407 iohanni
1620 5345 1818 5429 Skarzynslri
1838 5345 1902 5406 XX
1919 5366 1965 5425 gr.

410 5447 440 5506 in
466 5445 576 5508 solidis
601 5467 661 5527 pro
686 5447 801 5528 fatigis,
826 5469 906 5529 quas
932 5449 1005 5512 fecit
1031 5453 1160 5512 racione
1184 5451 1413 5513 derelictorum
1438 5453 1514 5516 dicti
1540 5453 1678 5534 plebani.
1716 5453 1797 5515 ltern
1822 5453 1849 5514 11
1874 5473 1966 5515 sexa·

409 5573 514 5634 genas
538 5555 579 5614 ad
604 5553 774 5616 ecclesiam
800 5557 831 5616 in
848 5555 1053 5636 Radzymino
1078 5579 1138 5637 pro
1156 5559 1332 5620 tricesimis.
1358 5559 1439 5620 Item
1465 5561 1506 5620 ad
1530 5561 1704 5622 claustrum
1730 5559 1963 5622 monachorum

409 5661 440 5720 in
467 5658 608 5722 Plonslro
633 5655 719 5724 ΧΧιί
735 5681 782 5744 gr.
799 5683 860 5743 pro
876 5665 1054 5726 tricesimis.
1080 5663 1161 5726 Item
1186 5665 1228 5726 ad
1252 5664 1419 5727 ecclesiam
1444 5669 1476 5726 in
1501 5667 1638 5748 lunyecz
1663 5687 1862 5747 sexagenam
1888 5667 1962 5730 soli·
