4392 6672
198 859 224 916 in
245 853 324 936 Gzy.
356 857 464 919 solvet
489 878 607 937 penam
632 859 811 921 sinodalem
844 878 904 938 pro
929 857 1043 938 primo,
1075 859 1102 920 si
1126 867 1274 937 repertus
1306 857 1413 930 suerit,
1446 870 1544 940 prout
1573 862 1606 922 in
1630 863 1747 926 sinodo

198 965 422 1042 pronunciatus
446 975 505 1027 est.

302 1066 384 1135 193.
408 1071 562 1151 (Ibidem).
602 1073 654 1134 Ex
678 1075 811 1134 decreto
844 1071 918 1132 Rmi
942 1071 997 1132 dni
1021 1072 1168 1152 episcopi
1202 1070 1368 1134 Plocensis
1402 1074 1561 1136 discretus
1592 1075 1747 1138 Nicolaus

195 1178 345 1258 plebanus
369 1180 399 1238 in
417 1177 652 1262 Smogorzewo
676 1201 737 1260 pro
763 1179 781 1241 1.
801 1179 846 1242 lV
871 1200 964 1260 prox.
990 1180 1101 1242 statim
1126 1191 1203 1258 post
1229 1178 1314 1240 festa
1337 1181 1482 1241 solennis
1506 1181 1606 1244 Pasce
1630 1184 1660 1244 in
1677 1181 1746 1244 Pol·

195 1284 338 1346 thowsko
355 1288 573 1350 constituetur
588 1290 620 1348 in
637 1307 710 1348 arce
727 1289 769 1349 ad
787 1287 984 1368 puniendum
1002 1288 1107 1366 ipsum
1127 1307 1187 1367 pro
1203 1287 1402 1358 excessibus,
1424 1297 1521 1367 prout
1538 1291 1569 1350 in
1586 1289 1745 1351 sinodo

131 1459 135 1466 ¹
196 1393 362 1454 novissime
396 1395 427 1454 in
451 1393 662 1458 Polthowsko
696 1407 862 1456 transacto
893 1395 1127 1474 pronunciatus
1150 1401 1214 1468 est;
1247 1413 1344 1472 quem
1377 1414 1442 1472 ego
1473 1393 1627 1458 Nicolaus
1658 1393 1746 1458 Stro-

195 1498 315 1574 zewslci,
340 1499 499 1580 plebanus
524 1503 555 1564 in
580 1502 757 1571 Barczicze,
781 1501 876 1566 citavi
900 1511 933 1562 et
950 1503 1123 1564 terminum
1142 1499 1302 1581 prefatum
1327 1499 1347 1562 1.
1364 1500 1458 1562 IV²³¹²²
1483 1504 1513 1562 in
1532 1503 1745 1566 Polthowsko

195 1609 444 1688 peremptorium
468 1609 638 1688 assignavi.

297 1709 384 1780 194.
420 1715 574 1796 (Ibidem).
612 1716 747 1778 Rmus..
779 1716 860 1776 dnus
886 1713 1082 1776 Vincencius
1116 1713 1154 1774 D.
1179 1735 1210 1794 g.
1235 1714 1410 1794 episcopus
1442 1713 1609 1778 Plocensis
1639 1737 1746 1780 vener.

193 1823 252 1882 duo
276 1820 441 1884 Stanislao
465 1823 589 1894 Passer,
615 1823 772 1884 canonico
798 1821 1029 1894 Polthoviensi,
1053 1841 1116 1900 pro
1132 1821 1231 1884 certis
1254 1821 1446 1884 excessibus
1470 1831 1504 1883 et
1528 1824 1627 1902 prolis
1651 1824 1746 1886 sulio·

191 1932 326 2000 cacione,
353 1942 450 2010 prout
475 1933 505 1990 in
530 1929 687 1992 sinodo
712 1929 933 1992 Polthoviensi
958 1928 1192 2007 pronunciatus
1212 1939 1274 2000 est,
1299 1929 1532 2008 purgacionem
1557 1931 1745 1992 canonicam

194 2035 312 2112 indixit,
337 2056 433 2117 quam
459 2037 555 2099 faciet
579 2057 688 2098 coram
712 2038 783 2098 dnis
808 2035 971 2098 Stanislao
995 2034 1182 2098 Makowslci
1207 2047 1240 2098 et
1258 2035 1403 2098 Iohanne
1420 2033 1641 2118 Sokolowsky
1665 2037 1745 2098 insra

194 2145 259 2205 hinc
283 2156 318 2206 et
341 2143 461 2207 festum
486 2165 511 2208 s.
535 2144 675 2225 Philippi
700 2155 733 2206 et
756 2145 866 2206 lacobi
891 2144 1126 2224 apostolorum.

405 2337 446 2397 A.
477 2351 567 2416 1501,
592 2336 717 2417 Aprilis
747 2354 792 2414 19.
817 2340 848 2399 in
875 2336 973 2400 Plock
997 2339 1028 2398 in
1053 2337 1142 2398 curia
1165 2333 1352 2416 episcopali.

303 2459 391 2528 195.
415 2463 513 2544 (Acta
538 2465 637 2544 episc.
654 2461 733 2541 Vll).
760 2465 895 2524 Rmus..
919 2463 1002 2524 dnus
1018 2461 1217 2523 Vincencius
1241 2460 1280 2521 D.
1297 2483 1328 2542 g.
1345 2462 1523 2541 episcopus
1546 2460 1745 2526 Plocensis..

192 2569 302 2632 honor.
327 2570 517 2631 Zavischam
543 2571 718 2650 plebanum
743 2573 772 2632 in
799 2569 1022 2632 Sanchoczino
1046 2571 1197 2632 adivinis
1221 2580 1254 2632 et
1279 2568 1389 2630 ossrcio
1413 2570 1525 2632 altaris
1549 2570 1631 2632 inira
1655 2571 1667 2632 l
1692 2593 1745 2634 an.

192 2698 263 2738 num
287 2679 466 2758 suspendit,
492 2687 525 2740 et
548 2679 676 2740 interim
701 2679 771 2758 ipse
797 2678 954 2757 plebanus
978 2677 1109 2740 studeat
1133 2688 1166 2740 et
1183 2686 1294 2739 teneat
1318 2695 1416 2738 unum
1441 2677 1656 2756 presbiterum
1681 2678 1747 2740 ido·

192 2805 282 2847 neum
308 2795 342 2847 et
366 2783 587 2858 scientificum,
612 2785 665 2864 qui
689 2789 796 2864 ipsum
820 2785 939 2846 doceat
956 2782 1124 2846 Canonem
1150 2783 1330 2863 intelligere
1353 2793 1387 2844 et
1403 2803 1573 2864 exponere
1589 2804 1627 2846 ac
1643 2784 1747 2865 bapti·

190 2913 258 2954 sare
283 2892 446 2974 parvulos,
471 2892 550 2954 alias
576 2892 669 2973 lapso
694 2912 789 2964 anno,
824 2894 848 2952 si
874 2893 904 2952 in
929 2893 1095 2971 premissis
1118 2890 1282 2966 defecerit,
1314 2891 1495 2969 privabitur
1517 2911 1575 2953 sua
1600 2893 1747 2954 ccclesia.

300 2995 386 3064 196.
410 2999 564 3079 (Ibidem).
588 2999 727 3060 Rmus..
752 2998 834 3059 dnus
859 2998 1085 3061 Vincencius..
1111 2999 1287 3078 episcopus
1314 2996 1482 3058 Plocensis
1502 3017 1546 3060 ex
1561 2999 1671 3078 gracia
1687 3018 1746 3060 sua

189 3105 322 3187 speciali
344 3107 458 3168 honor.
484 3105 628 3178 Iohanni,
654 3107 796 3186 plebano
820 3107 851 3166 in
869 3104 1038 3176 Clukowo,
1063 3104 1247 3166 ulteriorem
1274 3109 1447 3165 terminum
1465 3124 1558 3166 suam
1574 3105 1745 3168 ecclesiam

191 3216 279 3275 iuxta
305 3213 474 3276 decretum
500 3213 678 3276 sinodalem
711 3212 752 3274 ad
776 3213 1027 3292 permutandum
1061 3211 1178 3272 festum
1211 3231 1234 3271 s.
1260 3210 1413 3272 Iohannis
1437 3210 1585 3292 Baptiste
1617 3211 1747 3293 prefixit

190 3333 222 3382 et
240 3321 398 3396 limitavit,
424 3321 478 3401 qui
495 3322 520 3382 si
539 3318 709 3401 negligens
733 3319 838 3391 fuerit,
861 3319 1011 3380 dominus
1028 3313 1229 3402 [secundum]
1247 3319 1287 3390 id,
1311 3319 1400 3398 quod
1424 3319 1552 3380 iusticia
1567 3319 1747 3400 dictaverit,

186 3441 300 3490 contra
326 3429 431 3507 ipsum
457 3427 625 3508 procedet.

300 3531 387 3600 197.
414 3534 567 3615 (Ibidem).
593 3534 645 3594 Ex
662 3535 796 3598 decreto
813 3533 921 3596 Rmi..
939 3533 993 3595 dni
1009 3532 1215 3594 Vincencii..
1239 3533 1385 3612 episcopi
1403 3532 1570 3596 Plocensis
1586 3533 1746 3595 discretus

185 3640 335 3704 Thomas
366 3644 527 3723 presbiter
558 3644 599 3705 de
624 3643 853 3705 Caechonowo
884 3640 966 3704 infra
997 3641 1071 3700 hinc
1103 3649 1136 3700 et
1161 3640 1253 3702 unius
1279 3642 1399 3700 mensis
1430 3640 1602 3702 decursum
1635 3660 1745 3702 coram

186 3768 294 3812 vener.
319 3749 387 3811 dno
411 3748 548 3811 Nicolao
573 3749 614 3812 de
639 3749 771 3829 Lyczki,
795 3751 953 3810 canonico
977 3746 1134 3820 Plocensi,
1167 3744 1263 3808 saciet
1288 3747 1477 3808 canonicam
1503 3748 1745 3826 purgacionem,

185 3858 273 3934 quod
299 3877 365 3918 non
391 3867 441 3919 est
465 3867 637 3936 suspectus
659 3857 703 3916 ad
730 3855 903 3929 mulierem,
928 3855 969 3916 de
994 3873 1057 3934 qua
1081 3855 1111 3914 in
1137 3851 1293 3915 sinodo
1317 3851 1445 3916 delatus
1470 3862 1529 3915 est.

405 4047 447 4108 Α.
479 4061 568 4126 1501,
594 4047 671 4110 Maii
695 4047 724 4120 6,
748 4049 779 4106 in
804 4046 906 4122 Plock
929 4047 961 4107 in
985 4047 1073 4108 curia
1096 4049 1283 4129 episcopali.

297 4169 385 4237 198.
410 4173 508 4250 (Acta
525 4173 624 4252 episc.
642 4171 747 4252 Vll)..
771 4169 890 4232 Coram
916 4171 1035 4232 Rm0..
1059 4171 1125 4232 dno
1143 4171 1355 4233 Vincencio..
1380 4173 1539 4251 episcopo
1565 4170 1745 4235 Plocensi..

182 4279 297 4342 honor.
325 4280 464 4342 lacobus
487 4278 648 4360 plebanus
672 4281 703 4340 in
728 4277 953 4340 Radzimino..
977 4289 1084 4338 certas
1108 4279 1338 4358 deposiciones
1369 4289 1484 4340 contra
1507 4279 1614 4360 ipsum
1643 4283 1674 4342 in
1699 4282 1746 4342 si·

183 4389 298 4450 nodo
323 4389 562 4449 diocesana
592 4385 794 4447 Plocensi
817 4385 980 4446 exhibitas
1004 4396 1036 4445 et
1061 4387 1293 4462 pronunciatas
1318 4387 1349 4446 in
1374 4395 1447 4447 toto
1471 4388 1603 4466 negavit
1626 4387 1745 4462 omnia,

183 4497 272 4574 quod
298 4493 451 4557 videlicet
475 4493 637 4574 quandam
664 4491 830 4554 mulierem
860 4493 892 4552 in
917 4489 1134 4554 Parkoczevvo
1165 4504 1197 4556 et
1222 4493 1296 4554 alibi
1321 4513 1385 4554 non
1410 4494 1514 4556 tenuit
1546 4512 1681 4556 aecum
1706 4513 1746 4555 ea

181 4603 264 4664 duos
293 4623 415 4683 pueros
438 4622 504 4662 non
530 4599 724 4682 prolificavit
748 4618 808 4660 nec
832 4608 981 4678 repertus
997 4609 1048 4660 est
1072 4600 1177 4662 nudus
1202 4603 1307 4662 iacere
1332 4599 1421 4662 solus
1445 4619 1518 4662 cum
1536 4600 1616 4662 sola.
1640 4599 1746 4662 Rmus

183 4710 337 4770 dominus
362 4710 478 4770 iterum
503 4717 606 4770 testes
629 4706 699 4780 hoS,
724 4706 777 4784 qui
801 4707 832 4764 in
858 4704 1125 4766 visitacione
1157 4707 1333 4767 examinati
1357 4717 1442 4780 sunt,
1466 4717 1500 4767 et
1523 4707 1604 4767 alios
1627 4709 1745 4768 exami-

181 4835 259 4878 nare
287 4816 472 4878 decrevit..

402 5007 444 5070 A.
474 5021 565 5087 1501,
590 5005 667 5066 Maii
692 5020 720 5084 7,
745 5007 776 5066 in
802 5005 902 5067 Ploclc
926 5008 957 5066 in
982 5009 1070 5068 curia
1094 5007 1281 5088 episcopali.

297 5129 386 5197 199.
418 5132 517 5210 (Acta
540 5135 639 5213 episc.
666 5129 748 5212 Vll).
789 5129 907 5192 Coram
933 5131 1053 5192 Rm0..
1078 5133 1144 5192 dno
1168 5131 1382 5194 Vincencio..
1414 5134 1572 5213 episcopo
1596 5131 1746 5196 Plocensi

179 5245 318 5302 nomine
345 5241 602 5302 sanctuariorum
626 5238 762 5300 ecclesie
786 5237 983 5300 cathedralis
998 5236 1165 5300 Plocensis
1180 5239 1347 5300 hominurn
1372 5239 1412 5300 de
1429 5239 1607 5321 Radziwye
1630 5253 1747 5304 contra

178 5349 433 5410 universitatem
458 5347 649 5408 vicariorum
676 5355 909 5426 perpetuorum
934 5345 1068 5406 ecclesie
1087 5344 1251 5406 Plocensis
1276 5346 1305 5404 in
1324 5346 1457 5426 querela
1480 5349 1667 5427 expositum
1684 5356 1744 5418 est,

179 5457 356 5536 quomodo
389 5455 450 5534 ipsi
475 5455 583 5514 vicarii
615 5454 695 5532 ipsis
727 5451 918 5515 sanctuariis
949 5451 1108 5512 decimam
1133 5461 1261 5531 partem
1293 5451 1500 5515 oblacionum
1531 5465 1565 5516 et
1588 5454 1745 5518 offertorii

177 5566 258 5626 dare
285 5573 452 5636 recusant,
484 5582 547 5643 que
571 5559 697 5622 decima
723 5579 799 5638 pars
822 5561 964 5640 ipsarum
997 5557 1203 5620 oblacionum
1237 5559 1357 5620 dudum
1388 5571 1422 5622 et
1446 5581 1490 5623 ex
1512 5562 1647 5642 antiqua
1670 5582 1745 5623 con·

177 5669 361 5732 suetudine
385 5669 465 5748 ipsis
489 5669 679 5732 sanctuariis
703 5687 762 5748 per
785 5667 922 5728 vicarios
946 5667 1015 5728 sine
1039 5667 1155 5746 quavis
1179 5667 1401 5746 denegacione
1425 5667 1564 5730 dabatur
1587 5680 1619 5732 et
1643 5669 1746 5732 solve·
