<?xml version="1.0" encoding="UTF-8"?>
<!DOCTYPE html PUBLIC "-//W3C//DTD XHTML 1.0 Transitional//EN"
    "http://www.w3.org/TR/xhtml1/DTD/xhtml1-transitional.dtd">
<html xmlns="http://www.w3.org/1999/xhtml" xml:lang="en" lang="en">
 <head>
  <title>
</title>
<meta http-equiv="Content-Type" content="text/html;charset=utf-8" />
  <meta name='ocr-system' content='tesseract 3.04.00' />
  <meta name='ocr-capabilities' content='ocr_page ocr_carea ocr_par ocr_line ocrx_word'/>
</head>
<body>
  <div class='ocr_page' id='page_1' title='image "actacapitulorum01czubgoog_0127.png"; bbox 0 0 4458 6674; ppageno 0'>
   <div class='ocr_carea' id='block_1_1' title="bbox 925 695 1791 778">
    <p class='ocr_par' dir='ltr' id='par_1_1' title="bbox 925 695 1791 778">
     <span class='ocr_line' id='line_1_1' title="bbox 925 695 1791 778; baseline 0.008 -35"><span class='ocrx_word' id='word_1_1' title='bbox 925 696 1013 746; x_wconf 86' lang='lat' dir='ltr'>ANNI</span> <span class='ocrx_word' id='word_1_2' title='bbox 1033 695 1109 748; x_wconf 79' lang='lat'>1506.</span> <span class='ocrx_word' id='word_1_3' title='bbox 1733 715 1791 778; x_wconf 84' lang='lat'>113</span> 
     </span>
    </p>
   </div>
   <div class='ocr_carea' id='block_1_2' title="bbox 242 785 1791 798">
    <p class='ocr_par' dir='ltr' id='par_1_2' title="bbox 242 785 1791 798">
     <span class='ocr_line' id='line_1_2' title="bbox 242 785 1791 798; baseline 0.003 -6"><span class='ocrx_word' id='word_1_4' title='bbox 242 785 344 792; x_wconf 72' lang='lat'>———-</span> <span class='ocrx_word' id='word_1_5' title='bbox 704 787 805 794; x_wconf 67' lang='lat'><em>———-.</em></span> <span class='ocrx_word' id='word_1_6' title='bbox 993 789 1073 794; x_wconf 77' lang='lat'><em>...--..</em></span> <span class='ocrx_word' id='word_1_7' title='bbox 1092 788 1646 795; x_wconf 71' lang='lat'>-..-.———..—.—---—-——..----</span> <span class='ocrx_word' id='word_1_8' title='bbox 1659 791 1791 798; x_wconf 47' lang='grc' dir='ltr'><strong>ῃ...-</strong></span> 
     </span>
    </p>
   </div>
   <div class='ocr_carea' id='block_1_3' title="bbox 231 905 1873 5784">
    <p class='ocr_par' dir='ltr' id='par_1_3' title="bbox 231 905 1873 4273">
     <span class='ocr_line' id='line_1_3' title="bbox 346 905 1782 972; baseline 0.005 -7"><span class='ocrx_word' id='word_1_9' title='bbox 346 905 506 968; x_wconf 86' lang='lat' dir='ltr'><strong>Primus</strong></span> <span class='ocrx_word' id='word_1_10' title='bbox 530 909 625 969; x_wconf 91' lang='lat' dir='ltr'>testis</span> <span class='ocrx_word' id='word_1_11' title='bbox 655 907 768 968; x_wconf 91' lang='lat' dir='ltr'>honor.</span> <span class='ocrx_word' id='word_1_12' title='bbox 793 907 875 968; x_wconf 90' lang='lat' dir='ltr'>dnus</span> <span class='ocrx_word' id='word_1_13' title='bbox 899 906 1052 970; x_wconf 88' lang='lat' dir='ltr'>Nicolaus</span> <span class='ocrx_word' id='word_1_14' title='bbox 1075 909 1116 970; x_wconf 91' lang='lat' dir='ltr'>de</span> <span class='ocrx_word' id='word_1_15' title='bbox 1143 907 1335 971; x_wconf 90' lang='lat' dir='ltr'>Orzechovo</span> <span class='ocrx_word' id='word_1_16' title='bbox 1368 910 1630 970; x_wconf 82' lang='lat' dir='ltr'>commendatius</span> <span class='ocrx_word' id='word_1_17' title='bbox 1654 912 1684 969; x_wconf 93' lang='lat' dir='ltr'>in</span> <span class='ocrx_word' id='word_1_18' title='bbox 1710 909 1782 972; x_wconf 88' lang='lat' dir='ltr'>Gan</span> 
     </span>
     <span class='ocr_line' id='line_1_4' title="bbox 239 1013 1795 1096; baseline 0.003 -22"><span class='ocrx_word' id='word_1_19' title='bbox 239 1033 367 1074; x_wconf 89' lang='lat' dir='ltr'>szevo..</span> <span class='ocrx_word' id='word_1_20' title='bbox 392 1014 474 1075; x_wconf 86' lang='lat' dir='ltr'>dixit</span> <span class='ocrx_word' id='word_1_21' title='bbox 506 1015 767 1094; x_wconf 91' lang='lat' dir='ltr'>proposicionem</span> <span class='ocrx_word' id='word_1_22' title='bbox 800 1013 987 1093; x_wconf 90' lang='lat' dir='ltr'>simpliciter</span> <span class='ocrx_word' id='word_1_23' title='bbox 1018 1034 1140 1085; x_wconf 90' lang='lat' dir='ltr'>veram,</span> <span class='ocrx_word' id='word_1_24' title='bbox 1174 1017 1248 1096; x_wconf 90' lang='lat' dir='ltr'>quia</span> <span class='ocrx_word' id='word_1_25' title='bbox 1279 1025 1349 1076; x_wconf 89' lang='lat' dir='ltr'>erat</span> <span class='ocrx_word' id='word_1_26' title='bbox 1373 1035 1509 1096; x_wconf 86' lang='lat' dir='ltr'>presens</span> <span class='ocrx_word' id='word_1_27' title='bbox 1541 1015 1671 1096; x_wconf 92' lang='lat' dir='ltr'>quaudo</span> <span class='ocrx_word' id='word_1_28' title='bbox 1700 1037 1795 1078; x_wconf 89' lang='lat' dir='ltr'>vene·</span> 
     </span>
     <span class='ocr_line' id='line_1_5' title="bbox 240 1119 1793 1200; baseline 0.005 -22"><span class='ocrx_word' id='word_1_29' title='bbox 240 1131 310 1181; x_wconf 90' lang='lat' dir='ltr'>rant</span> <span class='ocrx_word' id='word_1_30' title='bbox 334 1121 375 1181; x_wconf 91' lang='lat' dir='ltr'>ad</span> <span class='ocrx_word' id='word_1_31' title='bbox 399 1121 569 1182; x_wconf 88' lang='lat' dir='ltr'>ecclesiam</span> <span class='ocrx_word' id='word_1_32' title='bbox 602 1131 634 1180; x_wconf 92' lang='lat' dir='ltr'>et</span> <span class='ocrx_word' id='word_1_33' title='bbox 659 1120 817 1200; x_wconf 86' lang='lat' dir='ltr'>deposuit,</span> <span class='ocrx_word' id='word_1_34' title='bbox 851 1119 1017 1200; x_wconf 90' lang='lat' dir='ltr'>quomodo</span> <span class='ocrx_word' id='word_1_35' title='bbox 1049 1121 1154 1182; x_wconf 91' lang='lat' dir='ltr'>solum</span> <span class='ocrx_word' id='word_1_36' title='bbox 1178 1131 1245 1184; x_wconf 90' lang='lat' dir='ltr'>tres</span> <span class='ocrx_word' id='word_1_37' title='bbox 1269 1121 1467 1182; x_wconf 80' lang='lat' dir='ltr'>intraverant</span> <span class='ocrx_word' id='word_1_38' title='bbox 1499 1121 1540 1182; x_wconf 89' lang='lat' dir='ltr'>ad</span> <span class='ocrx_word' id='word_1_39' title='bbox 1565 1123 1734 1184; x_wconf 88' lang='lat' dir='ltr'>ecclesiam</span> <span class='ocrx_word' id='word_1_40' title='bbox 1759 1135 1793 1186; x_wconf 89' lang='lat' dir='ltr'>et</span> 
     </span>
     <span class='ocr_line' id='line_1_6' title="bbox 239 1227 1793 1307; baseline 0.003 -19"><span class='ocrx_word' id='word_1_41' title='bbox 239 1227 289 1288; x_wconf 91' lang='lat' dir='ltr'>alii</span> <span class='ocrx_word' id='word_1_42' title='bbox 315 1227 446 1288; x_wconf 91' lang='lat' dir='ltr'>stabant</span> <span class='ocrx_word' id='word_1_43' title='bbox 470 1247 573 1307; x_wconf 86' lang='lat' dir='ltr'>penes</span> <span class='ocrx_word' id='word_1_44' title='bbox 597 1227 738 1287; x_wconf 85' lang='lat' dir='ltr'>hostium</span> <span class='ocrx_word' id='word_1_45' title='bbox 771 1237 804 1288; x_wconf 90' lang='lat' dir='ltr'>et</span> <span class='ocrx_word' id='word_1_46' title='bbox 828 1228 880 1288; x_wconf 88' lang='lat' dir='ltr'>alii</span> <span class='ocrx_word' id='word_1_47' title='bbox 903 1247 939 1288; x_wconf 90' lang='lat' dir='ltr'>se</span> <span class='ocrx_word' id='word_1_48' title='bbox 964 1228 1179 1298; x_wconf 87' lang='lat' dir='ltr'>occultabant,</span> <span class='ocrx_word' id='word_1_49' title='bbox 1212 1238 1245 1289; x_wconf 89' lang='lat' dir='ltr'>et</span> <span class='ocrx_word' id='word_1_50' title='bbox 1269 1239 1386 1306; x_wconf 89' lang='lat' dir='ltr'>postea</span> <span class='ocrx_word' id='word_1_51' title='bbox 1411 1229 1531 1290; x_wconf 89' lang='lat' dir='ltr'>audivit</span> <span class='ocrx_word' id='word_1_52' title='bbox 1563 1230 1671 1291; x_wconf 89' lang='lat' dir='ltr'>adno</span> <span class='ocrx_word' id='word_1_53' title='bbox 1695 1229 1793 1292; x_wconf 85' lang='lat' dir='ltr'>Petro</span> 
     </span>
     <span class='ocr_line' id='line_1_7' title="bbox 239 1331 1794 1414; baseline 0.002 -21"><span class='ocrx_word' id='word_1_54' title='bbox 239 1333 358 1394; x_wconf 90' lang='lat' dir='ltr'>vicario</span> <span class='ocrx_word' id='word_1_55' title='bbox 382 1335 412 1392; x_wconf 91' lang='lat' dir='ltr'>iu</span> <span class='ocrx_word' id='word_1_56' title='bbox 439 1335 552 1394; x_wconf 90' lang='lat' dir='ltr'>eadem</span> <span class='ocrx_word' id='word_1_57' title='bbox 578 1331 818 1394; x_wconf 83' lang='lat' dir='ltr'>Wauszoszche</span> <span class='ocrx_word' id='word_1_58' title='bbox 842 1343 874 1394; x_wconf 90' lang='lat' dir='ltr'>et</span> <span class='ocrx_word' id='word_1_59' title='bbox 899 1334 940 1394; x_wconf 92' lang='lat' dir='ltr'>ab</span> <span class='ocrx_word' id='word_1_60' title='bbox 965 1334 1130 1414; x_wconf 82' lang='lat' dir='ltr'>organista</span> <span class='ocrx_word' id='word_1_61' title='bbox 1156 1334 1196 1394; x_wconf 91' lang='lat' dir='ltr'>de</span> <span class='ocrx_word' id='word_1_62' title='bbox 1220 1335 1348 1407; x_wconf 87' lang='lat' dir='ltr'>ibidem,</span> <span class='ocrx_word' id='word_1_63' title='bbox 1382 1334 1548 1414; x_wconf 92' lang='lat' dir='ltr'>quomodo</span> <span class='ocrx_word' id='word_1_64' title='bbox 1576 1346 1685 1398; x_wconf 85' lang='lat' dir='ltr'>tantas</span> <span class='ocrx_word' id='word_1_65' title='bbox 1709 1355 1794 1398; x_wconf 90' lang='lat' dir='ltr'>com·</span> 
     </span>
     <span class='ocr_line' id='line_1_8' title="bbox 239 1437 1793 1521; baseline 0.001 -21"><span class='ocrx_word' id='word_1_66' title='bbox 239 1440 437 1501; x_wconf 86' lang='lat' dir='ltr'>minacioues</span> <span class='ocrx_word' id='word_1_67' title='bbox 461 1437 601 1500; x_wconf 86' lang='lat' dir='ltr'>faciebat</span> <span class='ocrx_word' id='word_1_68' title='bbox 634 1441 663 1499; x_wconf 93' lang='lat' dir='ltr'>in</span> <span class='ocrx_word' id='word_1_69' title='bbox 688 1459 801 1502; x_wconf 90' lang='lat' dir='ltr'>versus</span> <span class='ocrx_word' id='word_1_70' title='bbox 826 1440 923 1500; x_wconf 89' lang='lat' dir='ltr'>duum</span> <span class='ocrx_word' id='word_1_71' title='bbox 948 1441 1118 1502; x_wconf 88' lang='lat' dir='ltr'>doctorem</span> <span class='ocrx_word' id='word_1_72' title='bbox 1151 1440 1329 1521; x_wconf 89' lang='lat' dir='ltr'>deturpans</span> <span class='ocrx_word' id='word_1_73' title='bbox 1353 1440 1441 1500; x_wconf 90' lang='lat' dir='ltr'>illum</span> <span class='ocrx_word' id='word_1_74' title='bbox 1474 1443 1506 1502; x_wconf 91' lang='lat' dir='ltr'>in</span> <span class='ocrx_word' id='word_1_75' title='bbox 1530 1441 1681 1503; x_wconf 87' lang='lat' dir='ltr'>omuibus</span> <span class='ocrx_word' id='word_1_76' title='bbox 1704 1443 1793 1518; x_wconf 91' lang='lat' dir='ltr'>locis,</span> 
     </span>
     <span class='ocr_line' id='line_1_9' title="bbox 240 1546 1794 1630; baseline 0.003 -24"><span class='ocrx_word' id='word_1_77' title='bbox 240 1548 283 1608; x_wconf 88' lang='lat' dir='ltr'>ita</span> <span class='ocrx_word' id='word_1_78' title='bbox 307 1546 396 1626; x_wconf 91' lang='lat' dir='ltr'>quod</span> <span class='ocrx_word' id='word_1_79' title='bbox 420 1548 554 1608; x_wconf 88' lang='lat' dir='ltr'>audiens</span> <span class='ocrx_word' id='word_1_80' title='bbox 579 1557 688 1607; x_wconf 87' lang='lat' dir='ltr'>tantas</span> <span class='ocrx_word' id='word_1_81' title='bbox 713 1547 817 1606; x_wconf 89' lang='lat' dir='ltr'>minas</span> <span class='ocrx_word' id='word_1_82' title='bbox 841 1547 970 1608; x_wconf 88' lang='lat' dir='ltr'>dicebat</span> <span class='ocrx_word' id='word_1_83' title='bbox 996 1547 1064 1626; x_wconf 88' lang='lat' dir='ltr'>ipse</span> <span class='ocrx_word' id='word_1_84' title='bbox 1090 1546 1203 1608; x_wconf 89' lang='lat' dir='ltr'>Petrus</span> <span class='ocrx_word' id='word_1_85' title='bbox 1226 1549 1375 1608; x_wconf 86' lang='lat' dir='ltr'>vicarius:</span> <span class='ocrx_word' id='word_1_86' title='bbox 1400 1547 1487 1626; x_wconf 95' lang='lat' dir='ltr'>quod</span> <span class='ocrx_word' id='word_1_87' title='bbox 1511 1569 1576 1630; x_wconf 86' lang='lat' dir='ltr'>ego</span> <span class='ocrx_word' id='word_1_88' title='bbox 1600 1569 1665 1610; x_wconf 90' lang='lat' dir='ltr'>uon</span> <span class='ocrx_word' id='word_1_89' title='bbox 1682 1550 1794 1612; x_wconf 87' lang='lat' dir='ltr'>suade·</span> 
     </span>
     <span class='ocr_line' id='line_1_10' title="bbox 240 1651 1873 1734; baseline 0.002 -21"><span class='ocrx_word' id='word_1_90' title='bbox 240 1672 306 1714; x_wconf 91' lang='lat' dir='ltr'>rem</span> <span class='ocrx_word' id='word_1_91' title='bbox 331 1655 423 1714; x_wconf 85' lang='lat' dir='ltr'>aliter</span> <span class='ocrx_word' id='word_1_92' title='bbox 448 1654 512 1714; x_wconf 86' lang='lat' dir='ltr'>dno</span> <span class='ocrx_word' id='word_1_93' title='bbox 537 1654 662 1714; x_wconf 92' lang='lat' dir='ltr'>doctori</span> <span class='ocrx_word' id='word_1_94' title='bbox 686 1654 803 1722; x_wconf 88' lang='lat' dir='ltr'>venire,</span> <span class='ocrx_word' id='word_1_95' title='bbox 836 1655 938 1714; x_wconf 91' lang='lat' dir='ltr'>solum</span> <span class='ocrx_word' id='word_1_96' title='bbox 972 1656 1002 1713; x_wconf 93' lang='lat' dir='ltr'>in</span> <span class='ocrx_word' id='word_1_97' title='bbox 1028 1652 1089 1714; x_wconf 94' lang='lat' dir='ltr'>XL</span> <span class='ocrx_word' id='word_1_98' title='bbox 1113 1655 1218 1734; x_wconf 88' lang='lat' dir='ltr'>equis,</span> <span class='ocrx_word' id='word_1_99' title='bbox 1250 1657 1324 1734; x_wconf 90' lang='lat' dir='ltr'>quia</span> <span class='ocrx_word' id='word_1_100' title='bbox 1349 1653 1500 1716; x_wconf 84' lang='lat' dir='ltr'>Andreas</span> <span class='ocrx_word' id='word_1_101' title='bbox 1533 1657 1793 1718; x_wconf 90' lang='lat' dir='ltr'>commendarius</span> <span class='ocrx_word' id='word_1_102' title='bbox 1872 1651 1873 1654; x_wconf 50' lang='lat'>&#39;</span> 
     </span>
     <span class='ocr_line' id='line_1_11' title="bbox 239 1758 1790 1844; baseline 0.003 -26"><span class='ocrx_word' id='word_1_103' title='bbox 239 1761 281 1820; x_wconf 88' lang='lat' dir='ltr'>ita</span> <span class='ocrx_word' id='word_1_104' title='bbox 306 1759 535 1828; x_wconf 86' lang='lat' dir='ltr'>subordinavit,</span> <span class='ocrx_word' id='word_1_105' title='bbox 560 1761 647 1840; x_wconf 91' lang='lat' dir='ltr'>quod</span> <span class='ocrx_word' id='word_1_106' title='bbox 672 1759 890 1822; x_wconf 80' lang='lat' dir='ltr'>interficietur.</span> <span class='ocrx_word' id='word_1_107' title='bbox 916 1758 1079 1838; x_wconf 88' lang='lat' dir='ltr'>Deposuit</span> <span class='ocrx_word' id='word_1_108' title='bbox 1103 1762 1204 1821; x_wconf 92' lang='lat' dir='ltr'>eciam</span> <span class='ocrx_word' id='word_1_109' title='bbox 1229 1762 1330 1832; x_wconf 91' lang='lat' dir='ltr'>testis,</span> <span class='ocrx_word' id='word_1_110' title='bbox 1355 1762 1485 1840; x_wconf 91' lang='lat' dir='ltr'>quaudo</span> <span class='ocrx_word' id='word_1_111' title='bbox 1509 1761 1567 1822; x_wconf 87' lang='lat' dir='ltr'>fuit</span> <span class='ocrx_word' id='word_1_112' title='bbox 1591 1765 1622 1824; x_wconf 91' lang='lat' dir='ltr'>iu</span> <span class='ocrx_word' id='word_1_113' title='bbox 1646 1764 1790 1844; x_wconf 90' lang='lat' dir='ltr'>capitulo</span> 
     </span>
     <span class='ocr_line' id='line_1_12' title="bbox 239 1864 1793 1946; baseline 0.001 -20"><span class='ocrx_word' id='word_1_114' title='bbox 239 1878 272 1927; x_wconf 90' lang='lat' dir='ltr'>et</span> <span class='ocrx_word' id='word_1_115' title='bbox 303 1864 421 1927; x_wconf 85' lang='lat' dir='ltr'>ibidem</span> <span class='ocrx_word' id='word_1_116' title='bbox 458 1867 588 1938; x_wconf 88' lang='lat' dir='ltr'>audivit,</span> <span class='ocrx_word' id='word_1_117' title='bbox 625 1867 711 1945; x_wconf 92' lang='lat' dir='ltr'>quod</span> <span class='ocrx_word' id='word_1_118' title='bbox 743 1867 874 1946; x_wconf 92' lang='lat' dir='ltr'>quando</span> <span class='ocrx_word' id='word_1_119' title='bbox 910 1867 989 1928; x_wconf 87' lang='lat' dir='ltr'>dixit</span> <span class='ocrx_word' id='word_1_120' title='bbox 1022 1868 1080 1928; x_wconf 88' lang='lat' dir='ltr'>sibi</span> <span class='ocrx_word' id='word_1_121' title='bbox 1115 1865 1250 1928; x_wconf 88' lang='lat' dir='ltr'>Andree</span> <span class='ocrx_word' id='word_1_122' title='bbox 1283 1869 1527 1930; x_wconf 80' lang='lat' dir='ltr'>commendatio</span> <span class='ocrx_word' id='word_1_123' title='bbox 1562 1870 1645 1930; x_wconf 90' lang='lat' dir='ltr'>dnus</span> <span class='ocrx_word' id='word_1_124' title='bbox 1677 1868 1793 1930; x_wconf 90' lang='lat' dir='ltr'>doctor</span> 
     </span>
     <span class='ocr_line' id='line_1_13' title="bbox 239 1969 1792 2056; baseline 0.003 -23"><span class='ocrx_word' id='word_1_125' title='bbox 239 1969 395 2034; x_wconf 76' lang='lat' dir='ltr'>Costhlta:</span> <span class='ocrx_word' id='word_1_126' title='bbox 422 1972 549 2033; x_wconf 88' lang='lat' dir='ltr'>Portavi</span> <span class='ocrx_word' id='word_1_127' title='bbox 569 1973 784 2035; x_wconf 89' lang='lat' dir='ltr'>monicionem</span> <span class='ocrx_word' id='word_1_128' title='bbox 814 1993 911 2054; x_wconf 89' lang='lat' dir='ltr'>super</span> <span class='ocrx_word' id='word_1_129' title='bbox 936 1987 977 2042; x_wconf 86' lang='lat' dir='ltr'>te,</span> <span class='ocrx_word' id='word_1_130' title='bbox 1002 1974 1094 2052; x_wconf 90' lang='lat' dir='ltr'>quod</span> <span class='ocrx_word' id='word_1_131' title='bbox 1110 1974 1317 2053; x_wconf 80' lang='lat' dir='ltr'>pratlmlmal‚</span> <span class='ocrx_word' id='word_1_132' title='bbox 1342 1977 1464 2038; x_wconf 90' lang='lat' dir='ltr'>dicens:</span> <span class='ocrx_word' id='word_1_133' title='bbox 1489 1975 1540 2036; x_wconf 90' lang='lat' dir='ltr'>Tu</span> <span class='ocrx_word' id='word_1_134' title='bbox 1565 1997 1663 2056; x_wconf 89' lang='lat' dir='ltr'>super</span> <span class='ocrx_word' id='word_1_135' title='bbox 1687 1997 1792 2038; x_wconf 89' lang='lat' dir='ltr'>unum.</span> 
     </span>
     <span class='ocr_line' id='line_1_14' title="bbox 238 2081 1794 2161; baseline 0.004 -21"><span class='ocrx_word' id='word_1_136' title='bbox 238 2099 302 2159; x_wconf 89' lang='lat' dir='ltr'>ego</span> <span class='ocrx_word' id='word_1_137' title='bbox 326 2100 424 2161; x_wconf 91' lang='lat' dir='ltr'>super</span> <span class='ocrx_word' id='word_1_138' title='bbox 448 2090 481 2141; x_wconf 91' lang='lat' dir='ltr'>te</span> <span class='ocrx_word' id='word_1_139' title='bbox 505 2081 633 2154; x_wconf 89' lang='lat' dir='ltr'>decem;</span> <span class='ocrx_word' id='word_1_140' title='bbox 658 2116 699 2125; x_wconf 93' lang='lat'>—-</span> <span class='ocrx_word' id='word_1_141' title='bbox 725 2081 811 2160; x_wconf 91' lang='lat' dir='ltr'>quod</span> <span class='ocrx_word' id='word_1_142' title='bbox 838 2083 1043 2140; x_wconf 85' lang='lat' dir='ltr'>monitorium</span> <span class='ocrx_word' id='word_1_143' title='bbox 1069 2091 1184 2160; x_wconf 87' lang='lat' dir='ltr'>postea</span> <span class='ocrx_word' id='word_1_144' title='bbox 1209 2083 1315 2142; x_wconf 88' lang='lat' dir='ltr'>vicarii</span> <span class='ocrx_word' id='word_1_145' title='bbox 1340 2084 1371 2140; x_wconf 93' lang='lat' dir='ltr'>iu</span> <span class='ocrx_word' id='word_1_146' title='bbox 1396 2083 1515 2144; x_wconf 90' lang='lat' dir='ltr'>ibidem</span> <span class='ocrx_word' id='word_1_147' title='bbox 1542 2103 1605 2144; x_wconf 93' lang='lat' dir='ltr'>uon</span> <span class='ocrx_word' id='word_1_148' title='bbox 1631 2083 1794 2146; x_wconf 90' lang='lat' dir='ltr'>audebant</span> 
     </span>
     <span class='ocr_line' id='line_1_15' title="bbox 238 2179 1793 2266; baseline 0.003 -20"><span class='ocrx_word' id='word_1_149' title='bbox 238 2187 364 2266; x_wconf 85' lang='lat' dir='ltr'>exequi,</span> <span class='ocrx_word' id='word_1_150' title='bbox 389 2206 492 2266; x_wconf 86' lang='lat' dir='ltr'>usque</span> <span class='ocrx_word' id='word_1_151' title='bbox 516 2187 609 2247; x_wconf 90' lang='lat' dir='ltr'>testis</span> <span class='ocrx_word' id='word_1_152' title='bbox 634 2195 791 2248; x_wconf 86' lang='lat' dir='ltr'>executus</span> <span class='ocrx_word' id='word_1_153' title='bbox 816 2197 874 2246; x_wconf 88' lang='lat' dir='ltr'>est.</span> <span class='ocrx_word' id='word_1_154' title='bbox 907 2179 950 2247; x_wconf 85' lang='lat' dir='ltr'>Et</span> <span class='ocrx_word' id='word_1_155' title='bbox 975 2190 1020 2246; x_wconf 87' lang='lat' dir='ltr'>sic</span> <span class='ocrx_word' id='word_1_156' title='bbox 1045 2187 1091 2247; x_wconf 90' lang='lat' dir='ltr'>eis</span> <span class='ocrx_word' id='word_1_157' title='bbox 1115 2189 1180 2248; x_wconf 93' lang='lat' dir='ltr'>dno</span> <span class='ocrx_word' id='word_1_158' title='bbox 1205 2189 1331 2250; x_wconf 89' lang='lat' dir='ltr'>doctori</span> <span class='ocrx_word' id='word_1_159' title='bbox 1357 2198 1389 2249; x_wconf 90' lang='lat' dir='ltr'>et</span> <span class='ocrx_word' id='word_1_160' title='bbox 1413 2190 1487 2249; x_wconf 89' lang='lat' dir='ltr'>testi</span> <span class='ocrx_word' id='word_1_161' title='bbox 1513 2188 1665 2251; x_wconf 90' lang='lat' dir='ltr'>dicebant</span> <span class='ocrx_word' id='word_1_162' title='bbox 1690 2209 1793 2250; x_wconf 91' lang='lat' dir='ltr'>sacer·</span> 
     </span>
     <span class='ocr_line' id='line_1_16' title="bbox 238 2281 1857 2376; baseline 0.001 -22"><span class='ocrx_word' id='word_1_163' title='bbox 238 2295 341 2362; x_wconf 88' lang='lat' dir='ltr'>dotes,</span> <span class='ocrx_word' id='word_1_164' title='bbox 366 2293 531 2374; x_wconf 84' lang='lat' dir='ltr'>organista</span> <span class='ocrx_word' id='word_1_165' title='bbox 555 2303 587 2354; x_wconf 91' lang='lat' dir='ltr'>et</span> <span class='ocrx_word' id='word_1_166' title='bbox 611 2292 660 2352; x_wconf 90' lang='lat' dir='ltr'>alii</span> <span class='ocrx_word' id='word_1_167' title='bbox 687 2295 819 2354; x_wconf 91' lang='lat' dir='ltr'>iuvenes</span> <span class='ocrx_word' id='word_1_168' title='bbox 843 2294 976 2354; x_wconf 90' lang='lat' dir='ltr'>ministri</span> <span class='ocrx_word' id='word_1_169' title='bbox 1002 2292 1138 2356; x_wconf 83' lang='lat' dir='ltr'>ecclesie</span> <span class='ocrx_word' id='word_1_170' title='bbox 1163 2303 1196 2356; x_wconf 93' lang='lat' dir='ltr'>et</span> <span class='ocrx_word' id='word_1_171' title='bbox 1222 2295 1319 2356; x_wconf 90' lang='lat' dir='ltr'>amita</span> <span class='ocrx_word' id='word_1_172' title='bbox 1345 2296 1446 2368; x_wconf 87' lang='lat' dir='ltr'>testis,</span> <span class='ocrx_word' id='word_1_173' title='bbox 1471 2314 1543 2355; x_wconf 92' lang='lat' dir='ltr'>cum</span> <span class='ocrx_word' id='word_1_174' title='bbox 1565 2297 1720 2376; x_wconf 90' lang='lat' dir='ltr'>coguovit</span> <span class='ocrx_word' id='word_1_175' title='bbox 1737 2293 1794 2357; x_wconf 88' lang='lat' dir='ltr'>Za·</span> <span class='ocrx_word' id='word_1_176' title='bbox 1854 2281 1857 2288; x_wconf 44' lang='grc'><strong>“</strong></span> 
     </span>
     <span class='ocr_line' id='line_1_17' title="bbox 238 2398 1791 2478; baseline 0.001 -18"><span class='ocrx_word' id='word_1_177' title='bbox 238 2400 377 2460; x_wconf 85' lang='lat' dir='ltr'>chariam</span> <span class='ocrx_word' id='word_1_178' title='bbox 403 2398 534 2461; x_wconf 81' lang='lat' dir='ltr'>fratrem</span> <span class='ocrx_word' id='word_1_179' title='bbox 561 2419 750 2478; x_wconf 86' lang='lat' dir='ltr'>germanum</span> <span class='ocrx_word' id='word_1_180' title='bbox 775 2401 851 2461; x_wconf 91' lang='lat' dir='ltr'>dicti</span> <span class='ocrx_word' id='word_1_181' title='bbox 876 2401 930 2460; x_wconf 91' lang='lat' dir='ltr'>dni</span> <span class='ocrx_word' id='word_1_182' title='bbox 956 2399 1090 2460; x_wconf 87' lang='lat' dir='ltr'>Andree</span> <span class='ocrx_word' id='word_1_183' title='bbox 1114 2401 1354 2474; x_wconf 88' lang='lat' dir='ltr'>commendarii,</span> <span class='ocrx_word' id='word_1_184' title='bbox 1379 2421 1420 2462; x_wconf 91' lang='lat' dir='ltr'>ne</span> <span class='ocrx_word' id='word_1_185' title='bbox 1445 2411 1566 2462; x_wconf 88' lang='lat' dir='ltr'>exeant</span> <span class='ocrx_word' id='word_1_186' title='bbox 1590 2401 1791 2476; x_wconf 90' lang='lat' dir='ltr'>deecclesia,</span> 
     </span>
     <span class='ocr_line' id='line_1_18' title="bbox 238 2505 1789 2586; baseline 0.003 -20"><span class='ocrx_word' id='word_1_187' title='bbox 238 2507 312 2586; x_wconf 88' lang='lat' dir='ltr'>quia</span> <span class='ocrx_word' id='word_1_188' title='bbox 337 2505 580 2582; x_wconf 82' lang='lat' dir='ltr'>interficientur;</span> <span class='ocrx_word' id='word_1_189' title='bbox 605 2517 637 2566; x_wconf 92' lang='lat' dir='ltr'>et</span> <span class='ocrx_word' id='word_1_190' title='bbox 655 2508 700 2566; x_wconf 85' lang='lat' dir='ltr'>sic</span> <span class='ocrx_word' id='word_1_191' title='bbox 717 2507 802 2568; x_wconf 86' lang='lat' dir='ltr'>dicta</span> <span class='ocrx_word' id='word_1_192' title='bbox 820 2509 919 2566; x_wconf 90' lang='lat' dir='ltr'>amita</span> <span class='ocrx_word' id='word_1_193' title='bbox 945 2509 1037 2567; x_wconf 86' lang='lat' dir='ltr'>testis</span> <span class='ocrx_word' id='word_1_194' title='bbox 1061 2509 1193 2568; x_wconf 88' lang='lat' dir='ltr'>veniens</span> <span class='ocrx_word' id='word_1_195' title='bbox 1218 2509 1257 2568; x_wconf 92' lang='lat' dir='ltr'>ad</span> <span class='ocrx_word' id='word_1_196' title='bbox 1275 2507 1463 2568; x_wconf 87' lang='lat' dir='ltr'>Zachariam</span> <span class='ocrx_word' id='word_1_197' title='bbox 1488 2508 1570 2568; x_wconf 89' lang='lat' dir='ltr'>dixit</span> <span class='ocrx_word' id='word_1_198' title='bbox 1594 2508 1667 2570; x_wconf 91' lang='lat' dir='ltr'>sibi:</span> <span class='ocrx_word' id='word_1_199' title='bbox 1692 2507 1789 2570; x_wconf 89' lang='lat' dir='ltr'>Haud</span> 
     </span>
     <span class='ocr_line' id='line_1_19' title="bbox 238 2611 1793 2694; baseline 0.001 -20"><span class='ocrx_word' id='word_1_200' title='bbox 238 2613 299 2674; x_wconf 90' lang='lat' dir='ltr'>boc</span> <span class='ocrx_word' id='word_1_201' title='bbox 323 2614 368 2674; x_wconf 91' lang='lat' dir='ltr'>sic</span> <span class='ocrx_word' id='word_1_202' title='bbox 393 2611 497 2674; x_wconf 81' lang='lat' dir='ltr'>facitis</span> <span class='ocrx_word' id='word_1_203' title='bbox 521 2611 753 2682; x_wconf 79' lang='lat' dir='ltr'>Zachariasku;</span> <span class='ocrx_word' id='word_1_204' title='bbox 784 2615 886 2674; x_wconf 88' lang='lat' dir='ltr'>etsie</span> <span class='ocrx_word' id='word_1_205' title='bbox 918 2612 999 2674; x_wconf 88' lang='lat' dir='ltr'>alter</span> <span class='ocrx_word' id='word_1_206' title='bbox 1030 2624 1121 2674; x_wconf 88' lang='lat' dir='ltr'>stans</span> <span class='ocrx_word' id='word_1_207' title='bbox 1154 2634 1255 2694; x_wconf 89' lang='lat' dir='ltr'>penes</span> <span class='ocrx_word' id='word_1_208' title='bbox 1279 2613 1466 2675; x_wconf 85' lang='lat' dir='ltr'>Zachariam</span> <span class='ocrx_word' id='word_1_209' title='bbox 1499 2613 1593 2676; x_wconf 91' lang='lat' dir='ltr'>dixit:</span> <span class='ocrx_word' id='word_1_210' title='bbox 1626 2613 1793 2677; x_wconf 90' lang='lat' dir='ltr'>Habemus</span> 
     </span>
     <span class='ocr_line' id='line_1_20' title="bbox 237 2717 1791 2800; baseline 0.001 -21"><span class='ocrx_word' id='word_1_211' title='bbox 237 2718 287 2779; x_wconf 92' lang='lat' dir='ltr'>hic</span> <span class='ocrx_word' id='word_1_212' title='bbox 320 2722 350 2779; x_wconf 93' lang='lat' dir='ltr'>in</span> <span class='ocrx_word' id='word_1_213' title='bbox 376 2717 511 2780; x_wconf 81' lang='lat' dir='ltr'>ecclesia</span> <span class='ocrx_word' id='word_1_214' title='bbox 543 2721 625 2780; x_wconf 88' lang='lat' dir='ltr'>duos</span> <span class='ocrx_word' id='word_1_215' title='bbox 658 2739 750 2780; x_wconf 91' lang='lat' dir='ltr'>ursos</span> <span class='ocrx_word' id='word_1_216' title='bbox 781 2719 961 2781; x_wconf 82' lang='lat' dir='ltr'>interficere</span> <span class='ocrx_word' id='word_1_217' title='bbox 996 2719 1073 2781; x_wconf 91' lang='lat' dir='ltr'>alias</span> <span class='ocrx_word' id='word_1_218' title='bbox 1104 2719 1235 2794; x_wconf 69' lang='lat' dir='ltr'>ulalate,-</span> <span class='ocrx_word' id='word_1_219' title='bbox 1269 2723 1372 2783; x_wconf 86' lang='lat' dir='ltr'>etsie</span> <span class='ocrx_word' id='word_1_220' title='bbox 1397 2720 1594 2793; x_wconf 70' lang='lat' dir='ltr'>sacerdotes</span> <span class='ocrx_word' id='word_1_221' title='bbox 1626 2723 1791 2800; x_wconf 85' lang='lat' dir='ltr'>organista</span> 
     </span>
     <span class='ocr_line' id='line_1_21' title="bbox 238 2826 1791 2906; baseline 0.002 -21"><span class='ocrx_word' id='word_1_222' title='bbox 238 2827 388 2887; x_wconf 89' lang='lat' dir='ltr'>dicebant</span> <span class='ocrx_word' id='word_1_223' title='bbox 419 2827 484 2888; x_wconf 90' lang='lat' dir='ltr'>dno</span> <span class='ocrx_word' id='word_1_224' title='bbox 517 2827 642 2886; x_wconf 90' lang='lat' dir='ltr'>doctori</span> <span class='ocrx_word' id='word_1_225' title='bbox 675 2835 708 2886; x_wconf 91' lang='lat' dir='ltr'>et</span> <span class='ocrx_word' id='word_1_226' title='bbox 732 2827 806 2888; x_wconf 91' lang='lat' dir='ltr'>testi</span> <span class='ocrx_word' id='word_1_227' title='bbox 833 2836 986 2906; x_wconf 83' lang='lat' dir='ltr'>rogantes</span> <span class='ocrx_word' id='word_1_228' title='bbox 1018 2839 1154 2906; x_wconf 90' lang='lat' dir='ltr'>propter</span> <span class='ocrx_word' id='word_1_229' title='bbox 1187 2826 1300 2900; x_wconf 90' lang='lat' dir='ltr'>Deum,</span> <span class='ocrx_word' id='word_1_230' title='bbox 1337 2839 1372 2888; x_wconf 92' lang='lat' dir='ltr'>ut</span> <span class='ocrx_word' id='word_1_231' title='bbox 1396 2829 1571 2889; x_wconf 88' lang='lat' dir='ltr'>intrassent</span> <span class='ocrx_word' id='word_1_232' title='bbox 1604 2829 1791 2889; x_wconf 85' lang='lat' dir='ltr'>zacristiam.</span> 
     </span>
     <span class='ocr_line' id='line_1_22' title="bbox 237 2931 1793 3014; baseline 0.001 -22"><span class='ocrx_word' id='word_1_233' title='bbox 237 2931 279 2992; x_wconf 88' lang='lat' dir='ltr'>Et</span> <span class='ocrx_word' id='word_1_234' title='bbox 303 2943 379 2994; x_wconf 91' lang='lat' dir='ltr'>tunc</span> <span class='ocrx_word' id='word_1_235' title='bbox 403 2931 486 2992; x_wconf 89' lang='lat' dir='ltr'>dnus</span> <span class='ocrx_word' id='word_1_236' title='bbox 510 2931 625 2992; x_wconf 90' lang='lat' dir='ltr'>doctor</span> <span class='ocrx_word' id='word_1_237' title='bbox 649 2933 735 2993; x_wconf 90' lang='lat' dir='ltr'>misit</span> <span class='ocrx_word' id='word_1_238' title='bbox 760 2934 801 2993; x_wconf 91' lang='lat' dir='ltr'>ad</span> <span class='ocrx_word' id='word_1_239' title='bbox 825 2934 912 2993; x_wconf 89' lang='lat' dir='ltr'>cives</span> <span class='ocrx_word' id='word_1_240' title='bbox 937 2953 1056 3013; x_wconf 89' lang='lat' dir='ltr'>rugans</span> <span class='ocrx_word' id='word_1_241' title='bbox 1080 2945 1113 2994; x_wconf 89' lang='lat' dir='ltr'>et</span> <span class='ocrx_word' id='word_1_242' title='bbox 1138 2935 1244 2994; x_wconf 92' lang='lat' dir='ltr'>dicere</span> <span class='ocrx_word' id='word_1_243' title='bbox 1270 2933 1428 2996; x_wconf 91' lang='lat' dir='ltr'>mandans</span> <span class='ocrx_word' id='word_1_244' title='bbox 1452 2935 1507 3008; x_wconf 91' lang='lat' dir='ltr'>eis,</span> <span class='ocrx_word' id='word_1_245' title='bbox 1541 2935 1615 3014; x_wconf 90' lang='lat' dir='ltr'>quia</span> <span class='ocrx_word' id='word_1_246' title='bbox 1639 2935 1793 2996; x_wconf 91' lang='lat' dir='ltr'>tenemini</span> 
     </span>
     <span class='ocr_line' id='line_1_23' title="bbox 237 3038 1792 3120; baseline 0.001 -21"><span class='ocrx_word' id='word_1_247' title='bbox 237 3041 442 3100; x_wconf 86' lang='lat' dir='ltr'>securitatem</span> <span class='ocrx_word' id='word_1_248' title='bbox 469 3039 605 3100; x_wconf 88' lang='lat' dir='ltr'>ecclesie</span> <span class='ocrx_word' id='word_1_249' title='bbox 630 3038 814 3102; x_wconf 86' lang='lat' dir='ltr'>defendere.</span> <span class='ocrx_word' id='word_1_250' title='bbox 846 3052 880 3100; x_wconf 92' lang='lat' dir='ltr'>ut</span> <span class='ocrx_word' id='word_1_251' title='bbox 906 3059 978 3100; x_wconf 92' lang='lat' dir='ltr'>eum</span> <span class='ocrx_word' id='word_1_252' title='bbox 1003 3041 1150 3100; x_wconf 88' lang='lat' dir='ltr'>iuvarent</span> <span class='ocrx_word' id='word_1_253' title='bbox 1181 3051 1214 3102; x_wconf 89' lang='lat' dir='ltr'>et</span> <span class='ocrx_word' id='word_1_254' title='bbox 1239 3053 1349 3102; x_wconf 89' lang='lat' dir='ltr'>essent</span> <span class='ocrx_word' id='word_1_255' title='bbox 1374 3060 1476 3120; x_wconf 90' lang='lat' dir='ltr'>penes</span> <span class='ocrx_word' id='word_1_256' title='bbox 1501 3059 1589 3117; x_wconf 88' lang='lat' dir='ltr'>eum;</span> <span class='ocrx_word' id='word_1_257' title='bbox 1622 3043 1675 3120; x_wconf 93' lang='lat' dir='ltr'>qui</span> <span class='ocrx_word' id='word_1_258' title='bbox 1700 3060 1792 3100; x_wconf 91' lang='lat' dir='ltr'>vene·</span> 
     </span>
     <span class='ocr_line' id='line_1_24' title="bbox 237 3143 1792 3226; baseline 0.002 -22"><span class='ocrx_word' id='word_1_259' title='bbox 237 3156 309 3206; x_wconf 93' lang='lat' dir='ltr'>runt</span> <span class='ocrx_word' id='word_1_260' title='bbox 334 3157 367 3208; x_wconf 91' lang='lat' dir='ltr'>et</span> <span class='ocrx_word' id='word_1_261' title='bbox 391 3157 508 3224; x_wconf 90' lang='lat' dir='ltr'>postea</span> <span class='ocrx_word' id='word_1_262' title='bbox 533 3147 700 3226; x_wconf 86' lang='lat' dir='ltr'>organista</span> <span class='ocrx_word' id='word_1_263' title='bbox 725 3165 820 3205; x_wconf 90' lang='lat' dir='ltr'>unum</span> <span class='ocrx_word' id='word_1_264' title='bbox 846 3145 986 3207; x_wconf 85' lang='lat' dir='ltr'>hostiurn</span> <span class='ocrx_word' id='word_1_265' title='bbox 1012 3161 1043 3207; x_wconf 89' lang='lat' dir='ltr'>et</span> <span class='ocrx_word' id='word_1_266' title='bbox 1061 3147 1146 3208; x_wconf 92' lang='lat' dir='ltr'>aliud</span> <span class='ocrx_word' id='word_1_267' title='bbox 1171 3149 1269 3208; x_wconf 84' lang='lat' dir='ltr'>amita</span> <span class='ocrx_word' id='word_1_268' title='bbox 1294 3149 1386 3208; x_wconf 87' lang='lat' dir='ltr'>testis</span> <span class='ocrx_word' id='word_1_269' title='bbox 1404 3157 1551 3208; x_wconf 89' lang='lat' dir='ltr'>serarunt</span> <span class='ocrx_word' id='word_1_270' title='bbox 1575 3145 1653 3208; x_wconf 86' lang='lat' dir='ltr'>alias</span> <span class='ocrx_word' id='word_1_271' title='bbox 1668 3143 1792 3208; x_wconf 72' lang='lat' dir='ltr'>zacila-</span> 
     </span>
     <span class='ocr_line' id='line_1_25' title="bbox 231 3252 1788 3332; baseline -0.001 -18"><span class='ocrx_word' id='word_1_272' title='bbox 231 3261 320 3332; x_wconf 75' lang='lat' dir='ltr'>pyly,·</span> <span class='ocrx_word' id='word_1_273' title='bbox 343 3262 376 3314; x_wconf 93' lang='lat' dir='ltr'>et</span> <span class='ocrx_word' id='word_1_274' title='bbox 393 3254 438 3314; x_wconf 90' lang='lat' dir='ltr'>sic</span> <span class='ocrx_word' id='word_1_275' title='bbox 455 3255 515 3324; x_wconf 84' lang='lat' dir='ltr'>isti,</span> <span class='ocrx_word' id='word_1_276' title='bbox 540 3254 592 3331; x_wconf 79' lang='lat' dir='ltr'>qui</span> <span class='ocrx_word' id='word_1_277' title='bbox 619 3252 784 3314; x_wconf 89' lang='lat' dir='ltr'>debebant</span> <span class='ocrx_word' id='word_1_278' title='bbox 807 3252 986 3313; x_wconf 84' lang='lat' dir='ltr'>interficere</span> <span class='ocrx_word' id='word_1_279' title='bbox 1005 3253 1103 3312; x_wconf 90' lang='lat' dir='ltr'>duum</span> <span class='ocrx_word' id='word_1_280' title='bbox 1120 3253 1298 3326; x_wconf 90' lang='lat' dir='ltr'>doctorem,</span> <span class='ocrx_word' id='word_1_281' title='bbox 1323 3273 1394 3314; x_wconf 90' lang='lat' dir='ltr'>cum</span> <span class='ocrx_word' id='word_1_282' title='bbox 1413 3253 1570 3327; x_wconf 89' lang='lat' dir='ltr'>viderunt,</span> <span class='ocrx_word' id='word_1_283' title='bbox 1595 3253 1684 3332; x_wconf 89' lang='lat' dir='ltr'>quod</span> <span class='ocrx_word' id='word_1_284' title='bbox 1700 3255 1788 3314; x_wconf 86' lang='lat' dir='ltr'>cives</span> 
     </span>
     <span class='ocr_line' id='line_1_26' title="bbox 236 3357 1791 3438; baseline 0.001 -19"><span class='ocrx_word' id='word_1_285' title='bbox 236 3370 484 3438; x_wconf 85' lang='lat' dir='ltr'>congregantur,</span> <span class='ocrx_word' id='word_1_286' title='bbox 509 3359 734 3437; x_wconf 86' lang='lat' dir='ltr'>equitaverunt</span> <span class='ocrx_word' id='word_1_287' title='bbox 759 3359 828 3420; x_wconf 91' lang='lat' dir='ltr'>vias</span> <span class='ocrx_word' id='word_1_288' title='bbox 852 3368 885 3418; x_wconf 90' lang='lat' dir='ltr'>et</span> <span class='ocrx_word' id='word_1_289' title='bbox 909 3359 974 3418; x_wconf 91' lang='lat' dir='ltr'>dno</span> <span class='ocrx_word' id='word_1_290' title='bbox 999 3357 1124 3419; x_wconf 86' lang='lat' dir='ltr'>doctori</span> <span class='ocrx_word' id='word_1_291' title='bbox 1150 3371 1183 3419; x_wconf 92' lang='lat' dir='ltr'>et</span> <span class='ocrx_word' id='word_1_292' title='bbox 1208 3361 1284 3422; x_wconf 89' lang='lat' dir='ltr'>testi</span> <span class='ocrx_word' id='word_1_293' title='bbox 1310 3361 1472 3421; x_wconf 90' lang='lat' dir='ltr'>dixerunt:</span> <span class='ocrx_word' id='word_1_294' title='bbox 1508 3371 1624 3438; x_wconf 89' lang='lat' dir='ltr'>postea</span> <span class='ocrx_word' id='word_1_295' title='bbox 1648 3359 1734 3420; x_wconf 89' lang='lat' dir='ltr'>cives</span> <span class='ocrx_word' id='word_1_296' title='bbox 1759 3370 1791 3420; x_wconf 91' lang='lat' dir='ltr'>et</span> 
     </span>
     <span class='ocr_line' id='line_1_27' title="bbox 236 3463 1789 3546; baseline 0.001 -22"><span class='ocrx_word' id='word_1_297' title='bbox 236 3463 286 3525; x_wconf 89' lang='lat' dir='ltr'>alii</span> <span class='ocrx_word' id='word_1_298' title='bbox 311 3485 351 3525; x_wconf 92' lang='lat' dir='ltr'>ne</span> <span class='ocrx_word' id='word_1_299' title='bbox 368 3475 546 3546; x_wconf 90' lang='lat' dir='ltr'>expectent</span> <span class='ocrx_word' id='word_1_300' title='bbox 571 3478 710 3536; x_wconf 86' lang='lat' dir='ltr'>noctem,</span> <span class='ocrx_word' id='word_1_301' title='bbox 735 3467 809 3544; x_wconf 90' lang='lat' dir='ltr'>quia</span> <span class='ocrx_word' id='word_1_302' title='bbox 833 3467 892 3526; x_wconf 92' lang='lat' dir='ltr'>erit</span> <span class='ocrx_word' id='word_1_303' title='bbox 918 3467 1016 3544; x_wconf 89' lang='lat' dir='ltr'>peius.</span> <span class='ocrx_word' id='word_1_304' title='bbox 1043 3466 1083 3527; x_wconf 75' lang='lat' dir='ltr'>Et</span> <span class='ocrx_word' id='word_1_305' title='bbox 1109 3468 1210 3527; x_wconf 90' lang='lat' dir='ltr'>eciam</span> <span class='ocrx_word' id='word_1_306' title='bbox 1236 3469 1329 3529; x_wconf 86' lang='lat' dir='ltr'>testis</span> <span class='ocrx_word' id='word_1_307' title='bbox 1353 3467 1474 3528; x_wconf 91' lang='lat' dir='ltr'>audivit</span> <span class='ocrx_word' id='word_1_308' title='bbox 1499 3478 1575 3527; x_wconf 91' lang='lat' dir='ltr'>ante</span> <span class='ocrx_word' id='word_1_309' title='bbox 1599 3465 1789 3528; x_wconf 88' lang='lat' dir='ltr'>violenciam</span> 
     </span>
     <span class='ocr_line' id='line_1_28' title="bbox 236 3570 1793 3653; baseline 0 -21"><span class='ocrx_word' id='word_1_310' title='bbox 236 3570 364 3642; x_wconf 88' lang='lat' dir='ltr'>laetam,</span> <span class='ocrx_word' id='word_1_311' title='bbox 398 3573 530 3650; x_wconf 90' lang='lat' dir='ltr'>quando</span> <span class='ocrx_word' id='word_1_312' title='bbox 564 3573 595 3632; x_wconf 92' lang='lat' dir='ltr'>in</span> <span class='ocrx_word' id='word_1_313' title='bbox 620 3572 763 3652; x_wconf 87' lang='lat' dir='ltr'>capitulo</span> <span class='ocrx_word' id='word_1_314' title='bbox 788 3570 998 3652; x_wconf 87' lang='lat' dir='ltr'>litigabantur</span> <span class='ocrx_word' id='word_1_315' title='bbox 1022 3573 1138 3642; x_wconf 74' lang='lat' dir='ltr'>verbiS,</span> <span class='ocrx_word' id='word_1_316' title='bbox 1170 3573 1302 3653; x_wconf 88' lang='lat' dir='ltr'>quando</span> <span class='ocrx_word' id='word_1_317' title='bbox 1327 3573 1387 3634; x_wconf 90' lang='lat' dir='ltr'>sibi</span> <span class='ocrx_word' id='word_1_318' title='bbox 1412 3573 1544 3633; x_wconf 89' lang='lat' dir='ltr'>Andree</span> <span class='ocrx_word' id='word_1_319' title='bbox 1568 3573 1651 3633; x_wconf 89' lang='lat' dir='ltr'>dnus</span> <span class='ocrx_word' id='word_1_320' title='bbox 1675 3573 1793 3634; x_wconf 90' lang='lat' dir='ltr'>doctor</span> 
     </span>
     <span class='ocr_line' id='line_1_29' title="bbox 237 3675 1791 3760; baseline 0.001 -22"><span class='ocrx_word' id='word_1_321' title='bbox 237 3675 352 3760; x_wconf 75' lang='lat' dir='ltr'>[dixitlz</span> <span class='ocrx_word' id='word_1_322' title='bbox 385 3677 436 3738; x_wconf 88' lang='lat' dir='ltr'>Tu</span> <span class='ocrx_word' id='word_1_323' title='bbox 463 3699 514 3740; x_wconf 90' lang='lat' dir='ltr'>me</span> <span class='ocrx_word' id='word_1_324' title='bbox 538 3679 644 3739; x_wconf 91' lang='lat' dir='ltr'>sciens</span> <span class='ocrx_word' id='word_1_325' title='bbox 669 3678 842 3758; x_wconf 89' lang='lat' dir='ltr'>plebanum</span> <span class='ocrx_word' id='word_1_326' title='bbox 869 3680 976 3738; x_wconf 90' lang='lat' dir='ltr'>vivum</span> <span class='ocrx_word' id='word_1_327' title='bbox 1005 3681 1128 3756; x_wconf 79' lang='lat' dir='ltr'>peciisti</span> <span class='ocrx_word' id='word_1_328' title='bbox 1152 3680 1237 3741; x_wconf 91' lang='lat' dir='ltr'>illam</span> <span class='ocrx_word' id='word_1_329' title='bbox 1263 3681 1349 3759; x_wconf 91' lang='lat' dir='ltr'>apud</span> <span class='ocrx_word' id='word_1_330' title='bbox 1375 3679 1527 3740; x_wconf 89' lang='lat' dir='ltr'>Iacobum</span> <span class='ocrx_word' id='word_1_331' title='bbox 1553 3677 1684 3757; x_wconf 80' lang='lat' dir='ltr'>Glynlca</span> <span class='ocrx_word' id='word_1_332' title='bbox 1708 3681 1791 3758; x_wconf 90' lang='lat' dir='ltr'>capi·</span> 
     </span>
     <span class='ocr_line' id='line_1_30' title="bbox 235 3784 1790 3865; baseline 0 -19"><span class='ocrx_word' id='word_1_333' title='bbox 235 3797 365 3846; x_wconf 88' lang='lat' dir='ltr'>taueum</span> <span class='ocrx_word' id='word_1_334' title='bbox 392 3785 599 3861; x_wconf 80' lang='lat' dir='ltr'>Visneusem3</span> <span class='ocrx_word' id='word_1_335' title='bbox 632 3787 684 3864; x_wconf 92' lang='lat' dir='ltr'>qui</span> <span class='ocrx_word' id='word_1_336' title='bbox 710 3786 888 3865; x_wconf 87' lang='lat' dir='ltr'>respoudit,</span> <span class='ocrx_word' id='word_1_337' title='bbox 922 3787 1009 3864; x_wconf 90' lang='lat' dir='ltr'>quod</span> <span class='ocrx_word' id='word_1_338' title='bbox 1036 3787 1126 3865; x_wconf 85' lang='lat' dir='ltr'>peeii.</span> <span class='ocrx_word' id='word_1_339' title='bbox 1159 3785 1251 3846; x_wconf 91' lang='lat' dir='ltr'>Tunc</span> <span class='ocrx_word' id='word_1_340' title='bbox 1276 3788 1358 3848; x_wconf 88' lang='lat' dir='ltr'>dnus</span> <span class='ocrx_word' id='word_1_341' title='bbox 1382 3787 1499 3847; x_wconf 88' lang='lat' dir='ltr'>doctor</span> <span class='ocrx_word' id='word_1_342' title='bbox 1522 3784 1617 3846; x_wconf 91' lang='lat' dir='ltr'>dixit:</span> <span class='ocrx_word' id='word_1_343' title='bbox 1642 3784 1692 3845; x_wconf 91' lang='lat' dir='ltr'>Tu</span> <span class='ocrx_word' id='word_1_344' title='bbox 1717 3787 1790 3858; x_wconf 89' lang='lat' dir='ltr'>iam,</span> 
     </span>
     <span class='ocr_line' id='line_1_31' title="bbox 236 3889 1789 3974; baseline 0.002 -23"><span class='ocrx_word' id='word_1_345' title='bbox 236 3893 261 3951; x_wconf 93' lang='lat' dir='ltr'>si</span> <span class='ocrx_word' id='word_1_346' title='bbox 287 3903 432 3952; x_wconf 90' lang='lat' dir='ltr'>mortuus</span> <span class='ocrx_word' id='word_1_347' title='bbox 464 3911 585 3964; x_wconf 88' lang='lat' dir='ltr'>essem,</span> <span class='ocrx_word' id='word_1_348' title='bbox 617 3911 652 3953; x_wconf 87' lang='lat' dir='ltr'>es</span> <span class='ocrx_word' id='word_1_349' title='bbox 677 3890 825 3952; x_wconf 87' lang='lat' dir='ltr'>inhabilis</span> <span class='ocrx_word' id='word_1_350' title='bbox 857 3893 896 3952; x_wconf 88' lang='lat' dir='ltr'>ad</span> <span class='ocrx_word' id='word_1_351' title='bbox 930 3893 991 3954; x_wconf 91' lang='lat' dir='ltr'>hoc</span> <span class='ocrx_word' id='word_1_352' title='bbox 1023 3889 1221 3953; x_wconf 85' lang='lat' dir='ltr'>beneficium.</span> <span class='ocrx_word' id='word_1_353' title='bbox 1264 3893 1449 3974; x_wconf 89' lang='lat' dir='ltr'>Respondit</span> <span class='ocrx_word' id='word_1_354' title='bbox 1482 3891 1645 3954; x_wconf 88' lang='lat' dir='ltr'>Andreas:</span> <span class='ocrx_word' id='word_1_355' title='bbox 1679 3891 1721 3952; x_wconf 88' lang='lat' dir='ltr'>Et</span> <span class='ocrx_word' id='word_1_356' title='bbox 1754 3905 1789 3954; x_wconf 93' lang='lat' dir='ltr'>tu</span> 
     </span>
     <span class='ocr_line' id='line_1_32' title="bbox 236 3988 1789 4079; baseline 0.001 -20"><span class='ocrx_word' id='word_1_357' title='bbox 236 3999 401 4079; x_wconf 90' lang='lat' dir='ltr'>quomodo</span> <span class='ocrx_word' id='word_1_358' title='bbox 428 4001 458 4058; x_wconf 95' lang='lat' dir='ltr'>iu</span> <span class='ocrx_word' id='word_1_359' title='bbox 485 3999 569 4060; x_wconf 87' lang='lat' dir='ltr'>illam</span> <span class='ocrx_word' id='word_1_360' title='bbox 594 3999 728 4058; x_wconf 90' lang='lat' dir='ltr'>intrasti.</span> <span class='ocrx_word' id='word_1_361' title='bbox 762 3997 805 4058; x_wconf 89' lang='lat' dir='ltr'>Et</span> <span class='ocrx_word' id='word_1_362' title='bbox 829 4001 874 4060; x_wconf 90' lang='lat' dir='ltr'>sic</span> <span class='ocrx_word' id='word_1_363' title='bbox 898 4000 939 4060; x_wconf 93' lang='lat' dir='ltr'>de</span> <span class='ocrx_word' id='word_1_364' title='bbox 963 4000 1106 4078; x_wconf 86' lang='lat' dir='ltr'>capitulo</span> <span class='ocrx_word' id='word_1_365' title='bbox 1130 4002 1244 4060; x_wconf 90' lang='lat' dir='ltr'>exiens</span> <span class='ocrx_word' id='word_1_366' title='bbox 1269 3988 1363 4061; x_wconf 82' lang='lat' dir='ltr'>recte¹</span> <span class='ocrx_word' id='word_1_367' title='bbox 1382 4000 1538 4078; x_wconf 87' lang='lat' dir='ltr'>equitavit</span> <span class='ocrx_word' id='word_1_368' title='bbox 1563 3999 1602 4061; x_wconf 89' lang='lat' dir='ltr'>ad</span> <span class='ocrx_word' id='word_1_369' title='bbox 1627 3997 1723 4061; x_wconf 89' lang='lat' dir='ltr'>Zebri</span> <span class='ocrx_word' id='word_1_370' title='bbox 1747 3998 1789 4060; x_wconf 88' lang='lat' dir='ltr'>ad</span> 
     </span>
     <span class='ocr_line' id='line_1_33' title="bbox 236 4103 1789 4186; baseline -0.001 -19"><span class='ocrx_word' id='word_1_371' title='bbox 236 4107 333 4167; x_wconf 92' lang='lat' dir='ltr'>duum</span> <span class='ocrx_word' id='word_1_372' title='bbox 367 4103 589 4185; x_wconf 84' lang='lat' dir='ltr'>Polykowsky</span> <span class='ocrx_word' id='word_1_373' title='bbox 621 4125 692 4165; x_wconf 90' lang='lat' dir='ltr'>cum</span> <span class='ocrx_word' id='word_1_374' title='bbox 726 4117 828 4167; x_wconf 90' lang='lat' dir='ltr'>tunna</span> <span class='ocrx_word' id='word_1_375' title='bbox 859 4107 1000 4178; x_wconf 90' lang='lat' dir='ltr'>cervisie,</span> <span class='ocrx_word' id='word_1_376' title='bbox 1034 4108 1122 4186; x_wconf 90' lang='lat' dir='ltr'>quud</span> <span class='ocrx_word' id='word_1_377' title='bbox 1153 4117 1221 4168; x_wconf 91' lang='lat' dir='ltr'>erat</span> <span class='ocrx_word' id='word_1_378' title='bbox 1247 4106 1299 4168; x_wconf 90' lang='lat' dir='ltr'>die</span> <span class='ocrx_word' id='word_1_379' title='bbox 1322 4105 1469 4178; x_wconf 90' lang='lat' dir='ltr'>Veneris,</span> <span class='ocrx_word' id='word_1_380' title='bbox 1502 4117 1534 4167; x_wconf 91' lang='lat' dir='ltr'>et</span> <span class='ocrx_word' id='word_1_381' title='bbox 1564 4106 1607 4166; x_wconf 93' lang='lat' dir='ltr'>illi</span> <span class='ocrx_word' id='word_1_382' title='bbox 1631 4115 1789 4167; x_wconf 88' lang='lat' dir='ltr'>venerunt</span> 
     </span>
     <span class='ocr_line' id='line_1_34' title="bbox 235 4209 414 4273; baseline -0.011 0"><span class='ocrx_word' id='word_1_383' title='bbox 235 4209 414 4273; x_wconf 83' lang='lat' dir='ltr'>Sabbatlro</span> 
     </span>
    </p>

    <p class='ocr_par' dir='ltr' id='par_1_4' title="bbox 233 4317 1790 5784">
     <span class='ocr_line' id='line_1_35' title="bbox 341 4317 1790 4382; baseline 0 -2"><span class='ocrx_word' id='word_1_384' title='bbox 341 4317 564 4382; x_wconf 88' lang='lat' dir='ltr'>Secundus</span> <span class='ocrx_word' id='word_1_385' title='bbox 597 4318 689 4380; x_wconf 90' lang='lat' dir='ltr'>testis</span> <span class='ocrx_word' id='word_1_386' title='bbox 714 4319 871 4380; x_wconf 90' lang='lat' dir='ltr'>discretus</span> <span class='ocrx_word' id='word_1_387' title='bbox 901 4319 1092 4382; x_wconf 88' lang='lat' dir='ltr'>Leouardus</span> <span class='ocrx_word' id='word_1_388' title='bbox 1117 4321 1157 4382; x_wconf 93' lang='lat' dir='ltr'>de</span> <span class='ocrx_word' id='word_1_389' title='bbox 1183 4319 1355 4382; x_wconf 89' lang='lat' dir='ltr'>Ganszovo</span> <span class='ocrx_word' id='word_1_390' title='bbox 1387 4319 1449 4379; x_wconf 91' lang='lat' dir='ltr'>scit</span> <span class='ocrx_word' id='word_1_391' title='bbox 1472 4319 1654 4379; x_wconf 89' lang='lat' dir='ltr'>necessaria</span> <span class='ocrx_word' id='word_1_392' title='bbox 1678 4319 1790 4380; x_wconf 88' lang='lat' dir='ltr'>salutis</span> 
     </span>
     <span class='ocr_line' id='line_1_36' title="bbox 235 4423 1790 4506; baseline -0.005 -16"><span class='ocrx_word' id='word_1_393' title='bbox 235 4429 314 4490; x_wconf 87' lang='lat' dir='ltr'>etin</span> <span class='ocrx_word' id='word_1_394' title='bbox 333 4425 538 4506; x_wconf 88' lang='lat' dir='ltr'>generalibus</span> <span class='ocrx_word' id='word_1_395' title='bbox 562 4425 672 4487; x_wconf 91' lang='lat' dir='ltr'>debite</span> <span class='ocrx_word' id='word_1_396' title='bbox 697 4427 872 4505; x_wconf 89' lang='lat' dir='ltr'>expeditus</span> <span class='ocrx_word' id='word_1_397' title='bbox 897 4447 960 4486; x_wconf 89' lang='lat' dir='ltr'>uou</span> <span class='ocrx_word' id='word_1_398' title='bbox 979 4429 1115 4506; x_wconf 89' lang='lat' dir='ltr'>deponit</span> <span class='ocrx_word' id='word_1_399' title='bbox 1139 4446 1236 4487; x_wconf 88' lang='lat' dir='ltr'>causa</span> <span class='ocrx_word' id='word_1_400' title='bbox 1255 4428 1328 4500; x_wconf 91' lang='lat' dir='ltr'>odii,</span> <span class='ocrx_word' id='word_1_401' title='bbox 1354 4425 1477 4486; x_wconf 91' lang='lat' dir='ltr'>timoris</span> <span class='ocrx_word' id='word_1_402' title='bbox 1494 4434 1557 4486; x_wconf 91' lang='lat' dir='ltr'>etc.</span> <span class='ocrx_word' id='word_1_403' title='bbox 1575 4423 1656 4484; x_wconf 89' lang='lat' dir='ltr'>dixit</span> <span class='ocrx_word' id='word_1_404' title='bbox 1672 4443 1790 4503; x_wconf 91' lang='lat' dir='ltr'>propo-</span> 
     </span>
     <span class='ocr_line' id='line_1_37' title="bbox 235 4529 1789 4613; baseline -0.003 -17"><span class='ocrx_word' id='word_1_405' title='bbox 235 4535 388 4596; x_wconf 90' lang='lat' dir='ltr'>sicionem</span> <span class='ocrx_word' id='word_1_406' title='bbox 406 4551 478 4594; x_wconf 90' lang='lat' dir='ltr'>esse</span> <span class='ocrx_word' id='word_1_407' title='bbox 495 4552 613 4605; x_wconf 90' lang='lat' dir='ltr'>veram,</span> <span class='ocrx_word' id='word_1_408' title='bbox 639 4534 713 4612; x_wconf 92' lang='lat' dir='ltr'>quia</span> <span class='ocrx_word' id='word_1_409' title='bbox 731 4533 851 4594; x_wconf 91' lang='lat' dir='ltr'>audivit</span> <span class='ocrx_word' id='word_1_410' title='bbox 868 4553 886 4592; x_wconf 89' lang='lat' dir='ltr'>a</span> <span class='ocrx_word' id='word_1_411' title='bbox 905 4533 1148 4613; x_wconf 90' lang='lat' dir='ltr'>quamplurimis</span> <span class='ocrx_word' id='word_1_412' title='bbox 1164 4533 1356 4606; x_wconf 90' lang='lat' dir='ltr'>hominibus,</span> <span class='ocrx_word' id='word_1_413' title='bbox 1382 4545 1416 4595; x_wconf 90' lang='lat' dir='ltr'>et</span> <span class='ocrx_word' id='word_1_414' title='bbox 1431 4532 1473 4592; x_wconf 94' lang='lat' dir='ltr'>ibi</span> <span class='ocrx_word' id='word_1_415' title='bbox 1491 4542 1562 4592; x_wconf 86' lang='lat' dir='ltr'>erat</span> <span class='ocrx_word' id='word_1_416' title='bbox 1580 4529 1706 4605; x_wconf 87' lang='lat' dir='ltr'>publica</span> <span class='ocrx_word' id='word_1_417' title='bbox 1723 4550 1789 4591; x_wconf 88' lang='lat' dir='ltr'>vox</span> 
     </span>
     <span class='ocr_line' id='line_1_38' title="bbox 235 4637 1789 4720; baseline -0.003 -19"><span class='ocrx_word' id='word_1_418' title='bbox 235 4653 268 4702; x_wconf 92' lang='lat' dir='ltr'>et</span> <span class='ocrx_word' id='word_1_419' title='bbox 290 4639 390 4716; x_wconf 84' lang='lat' dir='ltr'>iama;</span> <span class='ocrx_word' id='word_1_420' title='bbox 413 4641 507 4701; x_wconf 90' lang='lat' dir='ltr'>testis</span> <span class='ocrx_word' id='word_1_421' title='bbox 531 4639 605 4700; x_wconf 90' lang='lat' dir='ltr'>ideo</span> <span class='ocrx_word' id='word_1_422' title='bbox 629 4659 695 4700; x_wconf 92' lang='lat' dir='ltr'>non</span> <span class='ocrx_word' id='word_1_423' title='bbox 712 4651 780 4700; x_wconf 89' lang='lat' dir='ltr'>erat</span> <span class='ocrx_word' id='word_1_424' title='bbox 798 4659 943 4720; x_wconf 89' lang='lat' dir='ltr'>presens,</span> <span class='ocrx_word' id='word_1_425' title='bbox 967 4642 1042 4718; x_wconf 92' lang='lat' dir='ltr'>quia</span> <span class='ocrx_word' id='word_1_426' title='bbox 1066 4640 1238 4702; x_wconf 89' lang='lat' dir='ltr'>mandatus</span> <span class='ocrx_word' id='word_1_427' title='bbox 1262 4649 1331 4701; x_wconf 91' lang='lat' dir='ltr'>erat</span> <span class='ocrx_word' id='word_1_428' title='bbox 1355 4659 1414 4720; x_wconf 91' lang='lat' dir='ltr'>per</span> <span class='ocrx_word' id='word_1_429' title='bbox 1438 4639 1536 4700; x_wconf 90' lang='lat' dir='ltr'>duum</span> <span class='ocrx_word' id='word_1_430' title='bbox 1561 4638 1731 4700; x_wconf 92' lang='lat' dir='ltr'>doctorem</span> <span class='ocrx_word' id='word_1_431' title='bbox 1748 4637 1789 4697; x_wconf 87' lang='lat' dir='ltr'>ad</span> 
     </span>
     <span class='ocr_line' id='line_1_39' title="bbox 235 4743 1790 4825; baseline -0.003 -17"><span class='ocrx_word' id='word_1_432' title='bbox 235 4745 503 4808; x_wconf 88' lang='lat' dir='ltr'>conscribendum</span> <span class='ocrx_word' id='word_1_433' title='bbox 529 4745 673 4806; x_wconf 90' lang='lat' dir='ltr'>decimas</span> <span class='ocrx_word' id='word_1_434' title='bbox 704 4747 736 4806; x_wconf 91' lang='lat' dir='ltr'>in</span> <span class='ocrx_word' id='word_1_435' title='bbox 761 4745 914 4824; x_wconf 91' lang='lat' dir='ltr'>parochia</span> <span class='ocrx_word' id='word_1_436' title='bbox 946 4759 979 4808; x_wconf 91' lang='lat' dir='ltr'>et</span> <span class='ocrx_word' id='word_1_437' title='bbox 1004 4747 1092 4808; x_wconf 90' lang='lat' dir='ltr'>venit</span> <span class='ocrx_word' id='word_1_438' title='bbox 1115 4747 1156 4808; x_wconf 94' lang='lat' dir='ltr'>ad</span> <span class='ocrx_word' id='word_1_439' title='bbox 1181 4765 1276 4807; x_wconf 90' lang='lat' dir='ltr'>unam</span> <span class='ocrx_word' id='word_1_440' title='bbox 1303 4744 1407 4806; x_wconf 90' lang='lat' dir='ltr'>villam</span> <span class='ocrx_word' id='word_1_441' title='bbox 1433 4743 1564 4825; x_wconf 85' lang='lat' dir='ltr'>Sczuky</span> <span class='ocrx_word' id='word_1_442' title='bbox 1587 4753 1620 4804; x_wconf 90' lang='lat' dir='ltr'>et</span> <span class='ocrx_word' id='word_1_443' title='bbox 1644 4743 1686 4803; x_wconf 96' lang='lat' dir='ltr'>ibi</span> <span class='ocrx_word' id='word_1_444' title='bbox 1711 4743 1790 4804; x_wconf 89' lang='lat' dir='ltr'>vidit</span> 
     </span>
     <span class='ocr_line' id='line_1_40' title="bbox 234 4849 1788 4933; baseline -0.003 -19"><span class='ocrx_word' id='word_1_445' title='bbox 234 4856 323 4926; x_wconf 90' lang='lat' dir='ltr'>istos,</span> <span class='ocrx_word' id='word_1_446' title='bbox 348 4853 402 4932; x_wconf 92' lang='lat' dir='ltr'>qul</span> <span class='ocrx_word' id='word_1_447' title='bbox 426 4851 592 4913; x_wconf 89' lang='lat' dir='ltr'>debebant</span> <span class='ocrx_word' id='word_1_448' title='bbox 616 4851 797 4913; x_wconf 84' lang='lat' dir='ltr'>interlicere</span> <span class='ocrx_word' id='word_1_449' title='bbox 820 4853 918 4914; x_wconf 92' lang='lat' dir='ltr'>dnum</span> <span class='ocrx_word' id='word_1_450' title='bbox 937 4853 1105 4914; x_wconf 90' lang='lat' dir='ltr'>doctorem</span> <span class='ocrx_word' id='word_1_451' title='bbox 1131 4863 1353 4933; x_wconf 88' lang='lat' dir='ltr'>congregatos</span> <span class='ocrx_word' id='word_1_452' title='bbox 1377 4855 1408 4912; x_wconf 92' lang='lat' dir='ltr'>in</span> <span class='ocrx_word' id='word_1_453' title='bbox 1426 4851 1525 4912; x_wconf 94' lang='lat' dir='ltr'>domo</span> <span class='ocrx_word' id='word_1_454' title='bbox 1549 4851 1637 4930; x_wconf 90' lang='lat' dir='ltr'>apud</span> <span class='ocrx_word' id='word_1_455' title='bbox 1658 4849 1788 4910; x_wconf 90' lang='lat' dir='ltr'>Petrum</span> 
     </span>
     <span class='ocr_line' id='line_1_41' title="bbox 234 4957 1785 5038; baseline -0.003 -18"><span class='ocrx_word' id='word_1_456' title='bbox 234 4957 349 5036; x_wconf 68' lang='lat' dir='ltr'>Baczlq</span> <span class='ocrx_word' id='word_1_457' title='bbox 380 4968 413 5018; x_wconf 92' lang='lat' dir='ltr'>et</span> <span class='ocrx_word' id='word_1_458' title='bbox 438 4961 606 5019; x_wconf 90' lang='lat' dir='ltr'>reveniens</span> <span class='ocrx_word' id='word_1_459' title='bbox 630 4959 670 5020; x_wconf 90' lang='lat' dir='ltr'>ad</span> <span class='ocrx_word' id='word_1_460' title='bbox 696 4961 794 5020; x_wconf 91' lang='lat' dir='ltr'>dnum</span> <span class='ocrx_word' id='word_1_461' title='bbox 821 4960 989 5020; x_wconf 88' lang='lat' dir='ltr'>doctorem</span> <span class='ocrx_word' id='word_1_462' title='bbox 1013 4961 1156 5020; x_wconf 88' lang='lat' dir='ltr'>narravit</span> <span class='ocrx_word' id='word_1_463' title='bbox 1180 4960 1254 5034; x_wconf 90' lang='lat' dir='ltr'>sibi;</span> <span class='ocrx_word' id='word_1_464' title='bbox 1285 4961 1336 5021; x_wconf 92' lang='lat' dir='ltr'>cui</span> <span class='ocrx_word' id='word_1_465' title='bbox 1360 4958 1528 5038; x_wconf 87' lang='lat' dir='ltr'>respondit</span> <span class='ocrx_word' id='word_1_466' title='bbox 1552 4959 1635 5018; x_wconf 88' lang='lat' dir='ltr'>dnus</span> <span class='ocrx_word' id='word_1_467' title='bbox 1659 4957 1785 5016; x_wconf 90' lang='lat' dir='ltr'>doctor:</span> 
     </span>
     <span class='ocr_line' id='line_1_42' title="bbox 234 5063 1787 5146; baseline -0.004 -20"><span class='ocrx_word' id='word_1_468' title='bbox 234 5065 328 5127; x_wconf 90' lang='lat' dir='ltr'>Detis</span> <span class='ocrx_word' id='word_1_469' title='bbox 353 5063 449 5125; x_wconf 90' lang='lat' dir='ltr'>michi</span> <span class='ocrx_word' id='word_1_470' title='bbox 475 5085 598 5142; x_wconf 87' lang='lat' dir='ltr'>pacem.</span> <span class='ocrx_word' id='word_1_471' title='bbox 624 5065 727 5126; x_wconf 90' lang='lat' dir='ltr'>solum</span> <span class='ocrx_word' id='word_1_472' title='bbox 752 5067 878 5126; x_wconf 89' lang='lat' dir='ltr'>territis.</span> <span class='ocrx_word' id='word_1_473' title='bbox 904 5066 937 5125; x_wconf 94' lang='lat' dir='ltr'>lu</span> <span class='ocrx_word' id='word_1_474' title='bbox 963 5067 1103 5126; x_wconf 87' lang='lat' dir='ltr'>crastino</span> <span class='ocrx_word' id='word_1_475' title='bbox 1129 5069 1222 5127; x_wconf 89' lang='lat' dir='ltr'>testis</span> <span class='ocrx_word' id='word_1_476' title='bbox 1246 5066 1393 5126; x_wconf 91' lang='lat' dir='ltr'>similiter</span> <span class='ocrx_word' id='word_1_477' title='bbox 1417 5065 1576 5146; x_wconf 86' lang='lat' dir='ltr'>equitavit</span> <span class='ocrx_word' id='word_1_478' title='bbox 1600 5073 1633 5123; x_wconf 88' lang='lat' dir='ltr'>et</span> <span class='ocrx_word' id='word_1_479' title='bbox 1658 5064 1787 5122; x_wconf 90' lang='lat' dir='ltr'>demum</span> 
     </span>
     <span class='ocr_line' id='line_1_43' title="bbox 233 5169 1789 5252; baseline -0.003 -20"><span class='ocrx_word' id='word_1_480' title='bbox 233 5173 264 5232; x_wconf 90' lang='lat' dir='ltr'>in</span> <span class='ocrx_word' id='word_1_481' title='bbox 288 5173 340 5234; x_wconf 88' lang='lat' dir='ltr'>via</span> <span class='ocrx_word' id='word_1_482' title='bbox 364 5191 445 5232; x_wconf 92' lang='lat' dir='ltr'>unus</span> <span class='ocrx_word' id='word_1_483' title='bbox 469 5171 586 5231; x_wconf 88' lang='lat' dir='ltr'>nobilis</span> <span class='ocrx_word' id='word_1_484' title='bbox 611 5174 685 5232; x_wconf 88' lang='lat' dir='ltr'>testi</span> <span class='ocrx_word' id='word_1_485' title='bbox 711 5173 825 5232; x_wconf 90' lang='lat' dir='ltr'>obvius</span> <span class='ocrx_word' id='word_1_486' title='bbox 850 5173 944 5234; x_wconf 91' lang='lat' dir='ltr'>dixit:</span> <span class='ocrx_word' id='word_1_487' title='bbox 969 5185 1123 5242; x_wconf 89' lang='lat' dir='ltr'>revertas,</span> <span class='ocrx_word' id='word_1_488' title='bbox 1148 5175 1211 5234; x_wconf 92' lang='lat' dir='ltr'>iam</span> <span class='ocrx_word' id='word_1_489' title='bbox 1236 5173 1319 5234; x_wconf 92' lang='lat' dir='ltr'>dnus</span> <span class='ocrx_word' id='word_1_490' title='bbox 1344 5170 1501 5252; x_wconf 87' lang='lat' dir='ltr'>plebanus</span> <span class='ocrx_word' id='word_1_491' title='bbox 1525 5180 1575 5230; x_wconf 87' lang='lat' dir='ltr'>est</span> <span class='ocrx_word' id='word_1_492' title='bbox 1599 5169 1789 5230; x_wconf 88' lang='lat' dir='ltr'>obsediatus</span> 
     </span>
     <span class='ocr_line' id='line_1_44' title="bbox 233 5276 1789 5353; baseline -0.002 -15"><span class='ocrx_word' id='word_1_493' title='bbox 233 5279 264 5339; x_wconf 90' lang='lat' dir='ltr'>iu</span> <span class='ocrx_word' id='word_1_494' title='bbox 289 5277 438 5353; x_wconf 89' lang='lat' dir='ltr'>ecclesia;</span> <span class='ocrx_word' id='word_1_495' title='bbox 471 5288 503 5338; x_wconf 90' lang='lat' dir='ltr'>et</span> <span class='ocrx_word' id='word_1_496' title='bbox 527 5280 573 5338; x_wconf 88' lang='lat' dir='ltr'>sic</span> <span class='ocrx_word' id='word_1_497' title='bbox 597 5279 690 5340; x_wconf 88' lang='lat' dir='ltr'>testis</span> <span class='ocrx_word' id='word_1_498' title='bbox 714 5281 801 5340; x_wconf 89' lang='lat' dir='ltr'>venit</span> <span class='ocrx_word' id='word_1_499' title='bbox 826 5289 859 5340; x_wconf 90' lang='lat' dir='ltr'>et</span> <span class='ocrx_word' id='word_1_500' title='bbox 882 5281 1002 5341; x_wconf 90' lang='lat' dir='ltr'>invenit</span> <span class='ocrx_word' id='word_1_501' title='bbox 1027 5301 1100 5341; x_wconf 88' lang='lat' dir='ltr'>eum</span> <span class='ocrx_word' id='word_1_502' title='bbox 1126 5292 1267 5342; x_wconf 89' lang='lat' dir='ltr'>seratum</span> <span class='ocrx_word' id='word_1_503' title='bbox 1292 5280 1323 5340; x_wconf 91' lang='lat' dir='ltr'>in</span> <span class='ocrx_word' id='word_1_504' title='bbox 1348 5279 1492 5350; x_wconf 87' lang='lat' dir='ltr'>ecclesia,</span> <span class='ocrx_word' id='word_1_505' title='bbox 1519 5287 1552 5337; x_wconf 93' lang='lat' dir='ltr'>et</span> <span class='ocrx_word' id='word_1_506' title='bbox 1576 5277 1622 5336; x_wconf 90' lang='lat' dir='ltr'>sic</span> <span class='ocrx_word' id='word_1_507' title='bbox 1646 5276 1687 5335; x_wconf 94' lang='lat' dir='ltr'>ibi</span> <span class='ocrx_word' id='word_1_508' title='bbox 1712 5276 1789 5336; x_wconf 85' lang='lat' dir='ltr'>testi</span> 
     </span>
     <span class='ocr_line' id='line_1_45' title="bbox 234 5383 1790 5465; baseline -0.001 -21"><span class='ocrx_word' id='word_1_509' title='bbox 234 5396 397 5446; x_wconf 86' lang='lat' dir='ltr'>narratum</span> <span class='ocrx_word' id='word_1_510' title='bbox 422 5393 481 5458; x_wconf 87' lang='lat' dir='ltr'>est,</span> <span class='ocrx_word' id='word_1_511' title='bbox 506 5386 581 5462; x_wconf 87' lang='lat' dir='ltr'>quia</span> <span class='ocrx_word' id='word_1_512' title='bbox 605 5384 764 5450; x_wconf 86' lang='lat' dir='ltr'>dicebant.</span> <span class='ocrx_word' id='word_1_513' title='bbox 800 5385 931 5464; x_wconf 92' lang='lat' dir='ltr'>quando</span> <span class='ocrx_word' id='word_1_514' title='bbox 955 5385 1179 5447; x_wconf 89' lang='lat' dir='ltr'>discedebant:</span> <span class='ocrx_word' id='word_1_515' title='bbox 1213 5386 1284 5446; x_wconf 90' lang='lat' dir='ltr'>Due</span> <span class='ocrx_word' id='word_1_516' title='bbox 1310 5385 1456 5465; x_wconf 84' lang='lat' dir='ltr'>plebane¹</span> <span class='ocrx_word' id='word_1_517' title='bbox 1492 5383 1540 5444; x_wconf 87' lang='lat' dir='ltr'>lac</span> <span class='ocrx_word' id='word_1_518' title='bbox 1564 5403 1680 5442; x_wconf 87' lang='lat' dir='ltr'>sonare</span> <span class='ocrx_word' id='word_1_519' title='bbox 1705 5401 1790 5442; x_wconf 90' lang='lat' dir='ltr'>cam-</span> 
     </span>
     <span class='ocr_line' id='line_1_46' title="bbox 233 5489 1788 5570; baseline -0.001 -18"><span class='ocrx_word' id='word_1_520' title='bbox 233 5510 335 5570; x_wconf 87' lang='lat' dir='ltr'>panas</span> <span class='ocrx_word' id='word_1_521' title='bbox 352 5489 479 5564; x_wconf 86' lang='lat' dir='ltr'>lamilie,</span> <span class='ocrx_word' id='word_1_522' title='bbox 504 5491 655 5569; x_wconf 87' lang='lat' dir='ltr'>quoniam</span> <span class='ocrx_word' id='word_1_523' title='bbox 675 5491 837 5552; x_wconf 85' lang='lat' dir='ltr'>mandasti</span> <span class='ocrx_word' id='word_1_524' title='bbox 853 5492 895 5553; x_wconf 90' lang='lat' dir='ltr'>ad</span> <span class='ocrx_word' id='word_1_525' title='bbox 912 5491 1153 5566; x_wconf 68' lang='lat' dir='ltr'>decimandum</span> <span class='ocrx_word' id='word_1_526' title='bbox 1177 5503 1209 5552; x_wconf 92' lang='lat' dir='ltr'>et</span> <span class='ocrx_word' id='word_1_527' title='bbox 1226 5494 1326 5553; x_wconf 89' lang='lat' dir='ltr'>eciam</span> <span class='ocrx_word' id='word_1_528' title='bbox 1345 5495 1422 5552; x_wconf 85' lang='lat' dir='ltr'>testi</span> <span class='ocrx_word' id='word_1_529' title='bbox 1439 5492 1559 5552; x_wconf 91' lang='lat' dir='ltr'>dictum</span> <span class='ocrx_word' id='word_1_530' title='bbox 1580 5501 1639 5558; x_wconf 86' lang='lat' dir='ltr'>est.</span> <span class='ocrx_word' id='word_1_531' title='bbox 1657 5490 1788 5568; x_wconf 92' lang='lat' dir='ltr'>quando</span> 
     </span>
     <span class='ocr_line' id='line_1_47' title="bbox 233 5594 1786 5677; baseline -0.002 -19"><span class='ocrx_word' id='word_1_532' title='bbox 233 5607 366 5658; x_wconf 88' lang='lat' dir='ltr'>venerat</span> <span class='ocrx_word' id='word_1_533' title='bbox 391 5615 462 5656; x_wconf 89' lang='lat' dir='ltr'>cum</span> <span class='ocrx_word' id='word_1_534' title='bbox 480 5599 691 5661; x_wconf 88' lang='lat' dir='ltr'>contumacia.</span> <span class='ocrx_word' id='word_1_535' title='bbox 717 5597 805 5676; x_wconf 92' lang='lat' dir='ltr'>quod</span> <span class='ocrx_word' id='word_1_536' title='bbox 823 5599 980 5677; x_wconf 91' lang='lat' dir='ltr'>postridie</span> <span class='ocrx_word' id='word_1_537' title='bbox 999 5609 1154 5658; x_wconf 89' lang='lat' dir='ltr'>venerant</span> <span class='ocrx_word' id='word_1_538' title='bbox 1171 5609 1204 5660; x_wconf 91' lang='lat' dir='ltr'>et</span> <span class='ocrx_word' id='word_1_539' title='bbox 1222 5599 1400 5677; x_wconf 88' lang='lat' dir='ltr'>querebant</span> <span class='ocrx_word' id='word_1_540' title='bbox 1418 5598 1448 5656; x_wconf 94' lang='lat' dir='ltr'>iu</span> <span class='ocrx_word' id='word_1_541' title='bbox 1465 5596 1571 5665; x_wconf 78' lang='lat' dir='ltr'>scoliS,</span> <span class='ocrx_word' id='word_1_542' title='bbox 1596 5605 1630 5656; x_wconf 93' lang='lat' dir='ltr'>ut</span> <span class='ocrx_word' id='word_1_543' title='bbox 1647 5594 1786 5674; x_wconf 89' lang='lat' dir='ltr'>aliquem</span> 
     </span>
     <span class='ocr_line' id='line_1_48' title="bbox 233 5700 975 5784; baseline 0.005 -22"><span class='ocrx_word' id='word_1_544' title='bbox 233 5700 466 5778; x_wconf 81' lang='lat' dir='ltr'>interficerent3</span> <span class='ocrx_word' id='word_1_545' title='bbox 491 5711 524 5763; x_wconf 91' lang='lat' dir='ltr'>et</span> <span class='ocrx_word' id='word_1_546' title='bbox 548 5714 672 5765; x_wconf 89' lang='lat' dir='ltr'>tautum</span> <span class='ocrx_word' id='word_1_547' title='bbox 697 5703 791 5766; x_wconf 87' lang='lat' dir='ltr'>testis</span> <span class='ocrx_word' id='word_1_548' title='bbox 815 5705 975 5784; x_wconf 87' lang='lat' dir='ltr'>deposuit.</span> 
     </span>
    </p>
   </div>
   <div class='ocr_carea' id='block_1_4' title="bbox 339 5819 1679 5874">
    <p class='ocr_par' dir='ltr' id='par_1_5' title="bbox 339 5819 1679 5874">
     <span class='ocr_line' id='line_1_49' title="bbox 339 5819 1679 5874; baseline 0.001 -2"><span class='ocrx_word' id='word_1_549' title='bbox 339 5833 395 5872; x_wconf 76' lang='lat' dir='ltr'>au·</span> <span class='ocrx_word' id='word_1_550' title='bbox 409 5830 555 5872; x_wconf 59' lang='lat' dir='ltr'>sacrararum</span> <span class='ocrx_word' id='word_1_551' title='bbox 569 5829 605 5871; x_wconf 87' lang='lat' dir='ltr'>ur.</span> <span class='ocrx_word' id='word_1_552' title='bbox 1645 5819 1679 5874; x_wconf 76' lang='lat'>15</span> 
     </span>
    </p>
   </div>
   <div class='ocr_carea' id='block_1_5' title="bbox 0 0 2234 6674">
    <p class='ocr_par' dir='ltr' id='par_1_6' title="bbox 0 0 2234 6674">
     <span class='ocr_line' id='line_1_50' title="bbox 0 0 2234 6674; baseline 0 1"><span class='ocrx_word' id='word_1_553' title='bbox 0 0 2234 6674; x_wconf 95' lang='lat' dir='ltr'> </span> 
     </span>
    </p>
   </div>
  </div>
 </body>
</html>
