4458 6674
957 679 1046 730 ANNI
1066 678 1143 732 1506.
1766 699 1823 766 ¹⁰5

278 767 579 774 --—-—-.-.—-
586 766 906 775 —-—---—-—-—.—-...
922 770 1120 778 ——n—-ss
1134 773 1139 778 .

274 887 532 966 complecionem
570 907 733 970 murorum
769 888 1000 952 collateralium
1037 902 1069 953 et
1092 893 1226 955 tandem
1257 895 1373 955 iterum
1405 894 1466 956 alie
1490 894 1604 956 decem
1636 897 1826 972 successive,

274 993 350 1054 dum
375 995 600 1058 testitudinare
623 995 788 1078 inceperit,
812 1017 916 1076 usque
940 997 983 1060 ad
1006 999 1204 1078 completam
1227 999 1385 1079 capellam
1410 1009 1443 1062 et
1466 999 1610 1063 totaliter
1633 1001 1828 1083 perfectam3

275 1101 307 1162 in
326 1100 388 1170 fine
411 1112 520 1164 autern
545 1103 682 1182 accipiet
708 1104 853 1166 residuas
870 1103 918 1164 IV
936 1124 1119 1184 sexagenas
1142 1126 1243 1187 opere
1261 1105 1437 1187 completo
1462 1107 1566 1170 Rmus
1582 1129 1661 1171 vero
1678 1107 1828 1171 dominus

278 1210 365 1288 prius
389 1208 552 1270 tenebitur
577 1209 681 1270 eidem
706 1209 783 1271 dare
807 1209 933 1284 lateres,
965 1209 1090 1292 lapides
1114 1213 1285 1283 naturales,
1318 1225 1510 1286 cementum,
1535 1233 1676 1291 arenam,
1699 1215 1829 1291 ferrum,

277 1314 364 1396 ligna
387 1327 420 1377 et
443 1334 571 1376 asseres
595 1315 636 1376 ad
659 1317 948 1380 testitudinandum
982 1338 1019 1380 ac
1043 1321 1151 1380 omnia
1175 1321 1322 1400 predicta
1351 1322 1543 1394 conducere,
1575 1325 1646 1406 ipse
1669 1343 1749 1385 vero
1772 1341 1829 1385 sua

277 1423 423 1501 impensa
454 1421 618 1484 tenebitur
649 1421 774 1501 lapides
805 1425 967 1486 naturales
998 1425 1040 1487 de
1068 1437 1179 1487 monte
1211 1427 1362 1489 excidere
1387 1439 1420 1492 et
1444 1449 1504 1510 pro
1528 1429 1650 1492 laboris
1673 1429 1830 1512 qualitate

280 1529 419 1607 planare,
445 1527 548 1590 solum
573 1540 739 1590 vecturam
763 1549 820 1592 seu
845 1533 1077 1594 conducturam
1104 1533 1207 1596 Rmus
1231 1535 1336 1597 eidem
1361 1537 1503 1598 debebit.

386 1635 473 1697 Idem
498 1634 661 1698 Iohannes
692 1639 872 1700 conductus
897 1649 946 1700 est
979 1661 1037 1718 per
1061 1641 1180 1704 Rmum
1210 1643 1251 1704 ad
1275 1642 1421 1705 laborem
1445 1641 1580 1705 duorum
1605 1644 1764 1725 graduum
1789 1665 1831 1707 ex

279 1741 439 1821 lapidibus
472 1753 504 1802 et
528 1743 648 1820 gradus
672 1743 732 1823 ipsi
765 1765 808 1807 ex
832 1743 940 1825 lapide
965 1749 1099 1808 naturali
1124 1749 1204 1810 alias
1227 1769 1420 1829 cayosaany:
1451 1771 1532 1814 unus
1556 1751 1675 1832 gradus
1699 1753 1739 1813 ad
1764 1750 1831 1813 the·

279 1869 408 1910 zaurum
433 1851 632 1930 superiorem
658 1849 793 1914 ecclesie
818 1873 916 1932 supra
940 1854 1042 1914 altare
1066 1875 1090 1914 s.
1116 1853 1255 1928 NicoIaI‚
1287 1855 1383 1917 allum
1407 1877 1485 1918 vero
1510 1857 1646 1937 gradum
1672 1857 1832 1920 laborabit

279 1977 351 2018 cum
377 1954 496 2035 duplici
522 1956 660 2018 fractura
684 1959 724 2018 ad
742 1960 938 2022 testudinem
965 1981 1024 2039 pro
1047 1959 1121 2023 loco
1144 1961 1312 2042 capitulari
1336 1964 1549 2044 designatam,
1574 1967 1628 2025 ubi
1652 1967 1753 2026 eciam
1779 1965 1833 2025 du-

281 2063 359 2146 plex
381 2064 532 2134 hostium,
564 2065 633 2125 slve
658 2075 770 2144 postes
794 2066 926 2145 Iapides,
951 2080 1119 2130 construet
1143 2071 1245 2130 eciam
1277 2091 1320 2132 ex
1344 2069 1451 2149 lapide
1482 2081 1515 2132 et
1540 2091 1637 2152 supra
1665 2069 1833 2152 quodlibet

281 2172 422 2232 bostium
446 2183 479 2232 et
503 2189 601 2249 super
625 2170 803 2251 quemlibet
827 2173 962 2251 gradum
987 2174 1083 2235 laciet
1107 2194 1196 2236 arma
1220 2176 1341 2238 domini
1365 2175 1449 2237 Rmi.

388 2277 478 2340 Idem
502 2275 683 2338 conductus
707 2290 757 2340 est
782 2278 910 2341 elevare
935 2281 1036 2343 altare
1061 2283 1163 2343 maius
1187 2293 1219 2344 et
1244 2281 1400 2363 Corporis
1424 2283 1543 2346 Christi
1569 2296 1603 2346 et
1625 2286 1746 2365 gradus
1771 2283 1834 2346 VII

282 2385 462 2447 anteriores
486 2405 529 2446 ex
546 2383 652 2464 lapide
676 2387 845 2464 quadrato,
869 2397 967 2466 prout
991 2390 1022 2448 ln
1041 2394 1164 2468 pariete
1188 2389 1349 2472 designati
1375 2401 1408 2453 et
1431 2391 1586 2472 descripti
1603 2402 1686 2462 sunt,
1711 2391 1752 2453 ad
1769 2411 1833 2472 que

283 2493 391 2553 omnia
416 2491 611 2570 perficienda
642 2501 675 2552 et
698 2492 894 2573 complenda
925 2493 1059 2558 daturus
1083 2507 1134 2558 est
1158 2498 1261 2559 Rmus
1284 2499 1368 2560 dnus
1393 2499 1525 2580 lapides,
1559 2499 1684 2578 latereS,
1709 2519 1834 2559 cemen-

283 2611 361 2677 tum,
392 2617 522 2660 arenam
548 2609 582 2661 et
605 2597 731 2670 ferrum,
766 2620 784 2660 a
809 2602 1007 2682 quoquidem
1032 2605 1193 2682 premIsso
1217 2605 1327 2666 labore
1351 2617 1544 2686 accepturus
1568 2617 1618 2668 est
1644 2617 1677 2667 et
1701 2605 1835 2667 habebit

283 2705 410 2768 XXVII
435 2725 620 2785 sexagenas
644 2709 835 2782 successive,
868 2721 965 2788 prout
989 2710 1081 2772 labor
1104 2723 1272 2790 exposcet,
1304 2713 1348 2773 ita
1380 2723 1414 2772 ut
1437 2722 1510 2776 toto
1539 2710 1602 2774 hoc
1626 2710 1737 2774 labore
1761 2731 1835 2773 con·

285 2825 413 2876 sumato
436 2813 599 2874 dabuntur
622 2813 682 2876 sibi
706 2815 738 2876 in
762 2814 826 2876 sme
850 2817 978 2878 residue
1003 2815 1064 2878 Vll
1088 2836 1268 2899 sexagene;
1299 2819 1370 2897 ipse
1394 2839 1471 2880 vero
1496 2839 1553 2880 sua
1576 2821 1726 2900 impensa
1749 2829 1836 2880 tene·

285 2923 371 2982 bitur
394 2920 518 2999 lapides
543 2920 707 2984 naturales
731 2921 771 2982 de
795 2933 907 2984 monte
931 2925 1082 2984 excidere
1105 2935 1138 2986 et
1163 2945 1223 3004 pro
1243 2923 1362 2988 laboris
1387 2925 1544 3005 qualitate
1568 2925 1708 3005 planare,
1732 2927 1835 2988 solum

285 3041 450 3090 vecturam
475 3049 532 3088 seu
553 3028 785 3090 conducturam
811 3029 914 3090 Rmus
938 3031 1043 3092 eidem
1068 3032 1213 3109 debebit;
1236 3031 1298 3094 hec
1314 3033 1423 3094 omnia
1445 3033 1624 3113 complebit
1645 3045 1677 3094 et
1694 3031 1837 3112 perficiet

286 3155 346 3215 pro
372 3134 457 3197 sesto
481 3131 552 3196 OO.
577 3133 780 3198 Sanctorum.

393 3241 482 3304 Idem
507 3240 669 3306 Iohannes
700 3244 881 3305 conductus
904 3254 956 3305 est
988 3264 1047 3322 per
1070 3243 1190 3306 Rmum
1215 3265 1275 3326 pro
1299 3245 1475 3308 laboranda
1506 3248 1648 3327 imagine
1680 3256 1714 3308 et
1737 3245 1838 3328 figura

288 3347 438 3412 Crucifixi
463 3349 674 3429 longitudinm
692 3350 737 3411 IV
763 3350 908 3411 ulnarum
933 3371 990 3412 seu
1015 3351 1197 3413 cubitorum
1221 3365 1255 3414 et
1279 3354 1308 3414 b.
1334 3351 1476 3435 VIrginis
1501 3373 1573 3414 curn
1599 3373 1622 3415 s.
1640 3351 1782 3415 Iohanne
1805 3361 1839 3415 et

288 3456 390 3517 Maria
414 3454 607 3536 Magdalena
631 3457 720 3518 bono
745 3457 856 3518 labore
880 3468 913 3519 et
939 3457 1094 3536 perlecto,
1126 3479 1145 3520 a
1169 3479 1235 3539 quo
1258 3459 1392 3522 habebit
1416 3471 1450 3522 et
1473 3460 1639 3522 habiturus
1662 3471 1714 3522 est
1737 3459 1769 3521 X
1792 3479 1838 3522 se-

287 3582 442 3642 xagenas,
468 3564 511 3626 ita
535 3573 570 3624 ut
586 3563 704 3626 dentur
727 3566 786 3626 sibi
812 3577 939 3644 septem
964 3569 1148 3627 successive
1172 3578 1205 3628 et
1222 3565 1367 3646 perlecto
1391 3565 1502 3627 labore
1525 3587 1563 3628 ac
1580 3566 1723 3629 totaliter
1745 3565 1839 3630 finito

288 3669 451 3732 dabuntur
474 3681 541 3731 tres
565 3671 700 3740 residue.
733 3672 793 3734 hec
818 3674 903 3733 enim
928 3675 1036 3733 omnia
1060 3671 1239 3753 complebit
1271 3685 1305 3736 et
1328 3675 1475 3736 totaliter
1498 3674 1643 3754 perficiet
1668 3693 1728 3754 pro
1752 3673 1838 3736 lesto

289 3775 477 3839 Natiuitatis
501 3775 628 3838 Christi.

394 3883 475 3944 Item
493 3883 673 3945 conductus
690 3897 740 3945 est
757 3884 882 3946 Blasius
907 3897 1072 3948 mensator
1095 3885 1174 3949 alias
1197 3887 1363 3949 thersam
1379 3886 1420 3948 de
1436 3885 1627 3969 Szyebnycz
1644 3907 1702 3966 per
1718 3885 1837 3947 Rmum

289 3991 329 4051 acl
355 3991 567 4052 laborandum
592 3989 685 4052 stalla
709 3993 907 4054 canonicalia
931 4013 1003 4054 cum
1029 3994 1198 4056 antistaIIIs
1221 3995 1412 4058 vicariorum
1435 3997 1467 4055 in
1485 3996 1616 4056 modum
1642 4006 1675 4056 et
1692 3993 1838 4064 sormam,

289 4109 386 4176 prout
410 4109 484 4158 sunt
500 4097 646 4177 antiqua:
672 4109 799 4177 septem
824 4098 975 4160 videlicet
999 4101 1040 4160 ab
1065 4121 1128 4161 una
1153 4112 1245 4182 parte
1270 4113 1302 4162 et
1326 4112 1453 4183 septem
1479 4103 1520 4163 ab
1537 4101 1598 4162 alia
1622 4112 1722 4180 parte,
1740 4101 1839 4180 quod-

288 4205 368 4266 libet
392 4204 519 4266 stallum
544 4203 638 4266 simul
661 4225 732 4266 cum
758 4207 922 4268 antistallo
947 4228 1008 4267 una
1025 4227 1191 4288 sexagena
1215 4227 1287 4269 cum
1312 4208 1419 4270 media
1442 4209 1473 4268 in
1491 4207 1718 4278 mediantibus,
1742 4227 1839 4287 supra

289 4330 426 4391 quorum
451 4311 620 4390 quodlibet
644 4311 740 4374 faciet
764 4331 860 4384 arma,
893 4323 990 4392 prout
1014 4313 1073 4374 sibi
1099 4334 1157 4394 per
1181 4316 1300 4376 Rmum
1324 4314 1486 4375 dabuntur
1517 4325 1550 4375 et
1574 4314 1838 4393 designabuntur.

395 4417 484 4480 Idem
508 4419 633 4480 Blasius
657 4417 753 4482 saciet
777 4420 838 4480 tria
854 4419 947 4480 stalla
972 4439 1031 4498 pro
1048 4419 1133 4480 Rmo
1159 4423 1257 4483 modo
1281 4420 1433 4500 pulcriori
1457 4421 1557 4482 eciam
1582 4440 1655 4481 cum
1677 4422 1839 4483 testudine

289 4523 423 4595 elevata,
456 4545 517 4607 pro
542 4525 658 4605 quibus
681 4537 874 4605 accepturus
897 4527 958 4586 erit
982 4525 1014 4586 V
1039 4547 1221 4606 sexagenas
1253 4529 1284 4587 In
1308 4527 1422 4587 mediis
1447 4547 1492 4606 gr.
1524 4525 1568 4589 Et
1592 4529 1732 4608 ipsemet
1755 4547 1839 4590 com·

290 4632 416 4711 parabit
441 4632 535 4713 ligna,
560 4633 706 4694 bitumen
731 4645 763 4694 et
781 4633 843 4694 alia
859 4634 1049 4704 necessaria,
1074 4632 1273 4695 solucionem
1290 4653 1368 4694 vero
1387 4633 1520 4694 habebit
1543 4637 1574 4694 in
1592 4635 1677 4696 hunc
1693 4635 1840 4696 modum:

289 4741 435 4820 inprirnis
465 4739 628 4800 dabuntur
651 4739 711 4801 sibi
735 4739 767 4799 V
791 4758 956 4819 sexagene
981 4751 1014 4800 et
1037 4741 1170 4802 tandem
1203 4741 1279 4800 dum
1304 4738 1399 4801 luerit
1423 4740 1505 4801 ultra
1529 4739 1669 4802 medium
1694 4741 1855 4803 laborem.

289 4845 456 4906 stallorum
481 4857 617 4924 septem,
652 4845 692 4906 ab
717 4865 779 4906 una
804 4855 897 4925 parte
929 4845 1149 4916 locandorum,
1173 4846 1335 4907 dabuntur
1359 4847 1463 4907 eidem
1489 4847 1552 4910 due
1577 4864 1743 4926 sexagena
1768 4867 1838 4908 cum

290 4952 406 5022 media,
431 4951 586 5031 perlectis
609 4971 688 5014 vero
704 4952 766 5014 VII
783 4951 883 5016 stallis
908 4955 1033 5032 Integre
1057 4965 1090 5014 et
1107 4951 1250 5015 totaliter
1272 4953 1407 5033 recipiet
1429 4952 1573 5015 residuas
1589 4953 1632 5014 III
1650 4973 1840 5033 sexagenas,

290 5057 435 5120 similiter
458 5059 606 5120 alabore
629 5059 764 5120 aliorum
789 5059 849 5120 Vll
874 5059 1055 5136 stallorum;
1080 5061 1154 5121 dum
1179 5079 1260 5122 vero
1284 5060 1416 5140 incipiet
1440 5063 1499 5122 tria
1524 5060 1617 5122 stalla
1641 5060 1841 5142 episcopalia

290 5166 423 5228 habebit
445 5165 474 5226 II
498 5186 689 5245 sexagenas,
723 5166 840 5245 quibus
872 5166 1017 5228 totaliter
1048 5167 1220 5246 completis
1252 5167 1386 5246 recipIet
1410 5165 1454 5227 III
1478 5187 1662 5248 sexagenas
1686 5167 1839 5230 residuas.

290 5273 361 5334 Hec
384 5273 491 5332 omnia
516 5270 693 5352 complebit
717 5283 750 5334 et
774 5271 921 5353 perficiet
946 5271 1115 5352 profesto
1140 5271 1210 5335 OO.
1235 5271 1437 5335 Sanctorum.

397 5380 485 5440 Idem
511 5377 637 5441 Blasius
661 5379 760 5441 debet
785 5379 890 5441 facere
921 5381 952 5439 in
978 5379 1145 5460 capitulari
1179 5383 1323 5442 sessione
1349 5400 1478 5442 scamna
1503 5401 1574 5442 cum
1599 5382 1702 5442 tribus
1725 5381 1840 5442 sessio-

290 5485 383 5548 nibus
407 5497 441 5546 et
465 5485 561 5547 stallo
585 5485 762 5565 epIscopali
787 5488 947 5549 elevando
963 5488 1160 5566 sutrovanye
1181 5490 1434 5567 clrcumquaque
1457 5487 1497 5548 ad
1515 5489 1597 5550 duos
1621 5489 1747 5549 cubitus
1771 5490 1840 5548 sive

290 5592 389 5662 ulnas,
414 5592 538 5654 soluclo
562 5611 620 5654 sua
644 5591 692 5654 IV
708 5611 961 5674 sexagenarum;
984 5596 1010 5655 sl
1034 5614 1112 5656 vero
1136 5593 1298 5656 dabuntur
1321 5595 1381 5654 sibi
1406 5613 1532 5656 asseres
1557 5613 1576 5654 a
1600 5595 1695 5663 Rmo,
1720 5606 1840 5654 extunc

291 5701 393 5760 solum
420 5701 500 5761 duas
525 5717 708 5778 sexagenas
731 5701 874 5778 recipiet.

396 5825 617 5869 emendantem.
633 5827 667 5868 111.
1701 5817 1735 5871 14
