4458 6674
429 701 490 763 140
904 682 996 732 ACTA
1017 681 1137 730 lUDICIl
1158 679 1293 728 ECCLES.
1315 679 1506 728 PLOCENSIS

426 893 576 956 iohannis
593 893 753 974 allegavit,
779 891 866 972 quod
883 893 968 952 idem
994 893 1077 952 dnus
1096 891 1256 952 lohannes
1275 909 1338 951 non
1357 900 1467 970 potest
1483 887 1606 950 habere
1624 907 1706 948 nunc
1723 897 1825 948 testes
1842 897 1977 968 propter

425 1011 611 1082 presentem
637 999 963 1080 expedicionem
990 997 1207 1070 bellicam,
1232 997 1272 1057 ad
1290 1017 1386 1076 quam
1404 993 1530 1056 nobiles
1554 1007 1639 1056 terre
1656 993 1820 1056 Plocensis
1837 995 1976 1071 iverunt;

425 1109 538 1188 petivit
563 1111 591 1169 ei
616 1108 681 1167 dari
707 1106 800 1168 aliam
825 1105 1025 1168 dilacionem.
1051 1103 1094 1164 Et
1119 1103 1238 1165 ibidem
1264 1103 1346 1162 dnus
1363 1102 1567 1182 Augustinus
1592 1111 1784 1181 procurator
1807 1101 1861 1161 dni
1882 1121 1975 1161 cano.

424 1217 484 1277 nici
509 1213 623 1295 p'etivit
648 1235 721 1276 eum
746 1215 819 1294 cogi
846 1214 885 1274 ad
911 1211 1161 1290 specificandum
1188 1211 1319 1271 nomina
1344 1211 1484 1276 testium,
1509 1207 1758 1289 quibusquidem
1784 1207 1869 1268 idem
1894 1207 1976 1270 dnus

425 1319 584 1382 lohannes
618 1322 832 1383 intencionem
859 1339 948 1380 suam
976 1319 1113 1397 probare
1137 1319 1283 1386 intendit,
1316 1337 1387 1378 cum
1414 1337 1478 1378 non
1502 1335 1617 1377 omnes
1644 1315 1794 1376 homines
1825 1315 1866 1376 de
1891 1325 1976 1376 terra

425 1428 572 1490 Mazovie
603 1427 644 1489 ad
670 1427 918 1506 expedicionem
944 1425 1093 1486 bellicam
1118 1428 1252 1484 iverunt.
1293 1423 1334 1485 Et
1359 1425 1440 1485 dnus
1466 1433 1685 1502 surrogatus.
1711 1423 1881 1482 terminum
1908 1441 1975 1502 prc-

424 1533 494 1596 fixit
519 1537 579 1614 ipsi
604 1535 669 1594 dno
694 1533 828 1594 Iohanni
853 1529 1061 1611 specificandi
1087 1533 1217 1592 nomina
1242 1543 1274 1592 et
1299 1531 1495 1612 cognomina
1519 1531 1682 1590 testium..

640 1726 680 1786 A.
710 1741 800 1805 1509,
826 1723 983 1787 Octobris
1012 1743 1058 1792 10,
1083 1728 1113 1786 iu
1140 1724 1315 1786 Poltowsk.

533 1847 623 1915 298.
655 1851 751 1931 (Acta
776 1849 859 1911 offic.
884 1849 1004 1928 Vllll..
1036 1849 1070 1910 In
1095 1869 1192 1910 causa
1217 1851 1334 1911 nobilis
1359 1849 1443 1911 Petri
1471 1847 1681 1910 llrnsdowslci
1707 1859 1853 1908 contra..
1879 1845 1998 1914 hone·¹

423 1971 506 2021 stam
527 1957 679 2018 lachnam
697 1959 771 2018 olim
791 1957 916 2018 Nicolai
933 1959 1009 2018 dicti
1027 1955 1193 2037 Throyani
1212 1957 1251 2016 de
1269 1955 1393 2017 Lomza
1417 1955 1570 2036 oppidani
1597 1967 1783 2016 consortem
1809 1965 1841 2016 et
1858 1974 1977 2034 pueros

423 2065 577 2137 eiusdem,
602 2084 683 2144 mgr.
708 2063 847 2126 Iacobus
871 2063 912 2125 de
938 2063 1057 2124 Brznze
1082 2075 1273 2143 procurator
1298 2061 1373 2124 dicti
1398 2059 1519 2124 Petri..
1545 2063 1574 2122 111
1601 2063 1768 2142 presencia
1792 2081 1898 2123 vener.
1923 2061 1976 2122 dni

423 2171 547 2234 Mathie
571 2173 716 2231 canonici
741 2169 782 2231 de
801 2167 1040 2250 Crasznysthav
1066 2169 1116 2230 filii
1136 2171 1250 2250 prefati
1269 2169 1344 2231 olim
1365 2169 1487 2230 Nicolai
1506 2170 1534 2230 T
1537 2169 1661 2251 hrnyan
1680 2170 1780 2232 verbo
1798 2171 1977 2250 proposuit,

426 2280 514 2360 quod
533 2280 713 2356 quamvis..
731 2279 812 2338 dnus
831 2279 943 2339 Petrus
962 2277 1174 2339 Drordnwslri
1194 2298 1253 2357 pro
1267 2297 1323 2338 sua
1338 2282 1532 2338 necessitate
1549 2277 1668 2356 apud..
1686 2275 1858 2338 Nicolaum
1876 2275 1977 2338 Thro-

422 2407 487 2468 yan
505 2385 579 2468 [XII
596 2381 789 2468 sexagenas]
804 2384 1109 2446 accommodaverat
1124 2395 1156 2446 et
1174 2383 1218 2444 IV
1237 2383 1432 2444 lrmethones
1444 2385 1476 2444 in
1493 2383 1540 2444 IV
1558 2384 1677 2444 mansis
1694 2383 1876 2444 Culmensis
1893 2403 1979 2444 men·

428 2513 501 2555 sure
526 2492 649 2554 locatos
674 2495 704 2552 in
723 2493 836 2552 eadem
855 2511 979 2552 summa
1002 2513 1059 2571 per
1077 2513 1150 2552 eum
1168 2493 1375 2552 commodata
1401 2491 1522 2553 invilla
1540 2489 1725 2551 Drosdowo
1751 2492 1978 2562 invadiaverat,

424 2609 500 2680 post
518 2619 654 2678 quorum
679 2600 936 2661 invadiacionem
955 2619 1072 2660 census
1096 2619 1154 2678 per
1170 2597 1216 2658 Vl
1234 2617 1346 2664 annos.
1373 2599 1520 2660 videlicet
1538 2595 1624 2680 lll¹f2
1644 2618 1827 2678 sexagenas
1844 2597 1978 2660 tollebat

424 2717 457 2768 et
483 2706 690 2786 percipiebat,
723 2717 818 2785 prout
844 2709 873 2766 in
900 2705 1017 2768 effectu
1041 2707 1113 2767 tulit
1146 2717 1178 2767 et
1204 2709 1364 2785 percepit;
1396 2703 1619 2766 nichilominus
1653 2705 1796 2785 prefatus
1827 2705 1979 2766 Nicolaus

425 2833 481 2876 seu
507 2813 612 2874 verius
637 2833 719 2874 uxor
751 2833 823 2873 cum
850 2813 956 2893 pueris
982 2811 1040 2873 XII
1067 2833 1250 2892 sexagenas
1283 2833 1339 2891 per
1371 2813 1508 2873 eundem
1543 2813 1712 2873 Nicolaum
1745 2811 1979 2884 commodataS,

426 2941 492 2982 non
516 2929 642 2981 attenta
667 2940 761 2980 usura
795 2939 854 2980 nec
879 2922 1043 3000 perceptis
1075 2919 1230 2980 fructibus
1262 2939 1321 2980 nec
1351 2919 1501 2980 censibus
1533 2917 1699 2980 defalcatis
1731 2929 1924 3000 receperunt
1948 2919 1977 2980 in

425 3025 502 3088 dicti
527 3027 581 3087 dni
604 3023 690 3087 Petri
723 3027 898 3106 dampnum
933 3037 964 3088 et
989 3025 1198 3107 preiudicium
1231 3027 1372 3105 dictique
1406 3024 1529 3086 Nicolai
1562 3027 1661 3104 patris
1692 3027 1835 3107 ipsorum
1869 3025 1980 3089 salutis

427 3133 705 3213 impedimentum,
739 3132 934 3213 quaquidem
961 3136 1176 3214 percepcione
1200 3153 1353 3193 censuum
1377 3133 1407 3193 111
1433 3153 1601 3194 numerum
1634 3145 1667 3195 et
1691 3134 1852 3195 racionem
1885 3153 1980 3195 usure

428 3251 657 3320 perceptorum
682 3241 713 3300 in
738 3237 804 3300 XX
827 3239 1002 3321 sexagenis
1026 3238 1321 3308 danmrlicaverunt,
1355 3251 1472 3320 petens
1496 3242 1586 3320 ipsos
1610 3241 1683 3318 cogi
1708 3249 1740 3301 et
1765 3239 1913 3321 compelli
1939 3241 1979 3300 ad

427 3347 664 3409 restitutionem
697 3347 856 3409 dictorum
881 3367 1034 3408 censuum
1068 3369 1126 3428 per
1151 3349 1255 3426 ipsum
1281 3349 1357 3408 olim
1385 3345 1551 3408 Nicolaum
1582 3361 1709 3424 patrem
1733 3347 1909 3408 eorundem
1936 3367 1979 3406 ra·

427 3455 519 3515 eioue
552 3473 675 3514 usure
707 3465 922 3534 receptorum.
949 3493 981 3499 --
1013 3453 1094 3516 Item
1120 3465 1232 3516 contra
1257 3457 1390 3516 eosdem
1417 3456 1595 3534 proposuit,
1627 3454 1713 3534 quod
1739 3453 1811 3514 licet
1838 3453 1980 3534 prefatus

428 3559 543 3622 nobilis
575 3559 689 3621 Petrus
722 3559 934 3622 Drosdorvslci
969 3571 1045 3642 post
1076 3563 1233 3623 dictarum
1259 3561 1320 3622 XII
1353 3581 1589 3640 sexagenarum
1623 3559 1922 3621 commodacionem
1947 3569 1980 3622 et

428 3660 640 3728 lcmethonum
672 3667 927 3730 invadiacionem
962 3683 1036 3748 post
1069 3669 1114 3730 Vl
1147 3689 1250 3730 annos
1282 3671 1358 3731 citra
1392 3667 1514 3730 ultrave
1545 3679 1667 3730 certam
1692 3669 1898 3729 concordiam
1925 3667 1979 3730 tali

429 3773 527 3836 modo
553 3773 673 3844 fecerit,
707 3775 853 3836 videlicet
880 3777 967 3857 quod
992 3779 1075 3837 idem
1101 3777 1176 3836 olim
1204 3775 1355 3837 Nicolaus
1379 3777 1535 3856 'l'hroyan
1568 3776 1608 3836 de
1633 3773 1756 3835 Lomza
1785 3773 1980 3836 lrmethones

427 3881 609 3942 invadiatos
633 3879 754 3942 liberos
778 3881 940 3943 dimittere
973 3893 1005 3944 et
1029 3883 1134 3944 eidem
1162 3883 1273 3945 l'etrus
1298 3882 1511 3944 Drosdowsm
1544 3883 1689 3962 quolibet
1713 3901 1798 3942 anno
1822 3879 1908 3962 111¹]²
1934 3903 1980 3942 se·

428 4005 573 4068 xagenas
597 3988 723 4048 solvere
740 3987 895 4062 debuerit,
922 4009 1001 4069 quas
1023 4011 1080 4068 per
1105 3991 1266 4050 biennium
1292 3989 1379 4051 iuxta
1404 3999 1605 4051 contractum
1623 3985 1732 4062 solvit;
1757 3987 1980 4050 nichilominus

428 4095 490 4157 hoc
517 4105 686 4156 contractu
719 4107 752 4156 et
776 4115 871 4156 usura
896 4117 955 4177 per
978 4099 1083 4177 ipsum
1109 4109 1240 4176 recepta
1266 4115 1329 4156 non
1356 4095 1561 4158 obstantibus
1593 4097 1730 4157 eundem
1755 4099 1785 4157 in
1810 4097 1858 4157 ius
1882 4097 1981 4157 traxit

429 4203 581 4274 seculare,
606 4221 755 4263 asserens
779 4204 884 4283 ipsum
902 4205 932 4264 vi
950 4215 982 4266 et
999 4205 1157 4265 violenter
1182 4201 1376 4266 lcmethones
1394 4205 1451 4266 sibi
1473 4205 1502 4264 in
1522 4203 1583 4264 Xll
1601 4206 1774 4284 sexagenis
1798 4202 1980 4265 invadiatos

429 4309 617 4389 possedisse
642 4321 674 4370 et
699 4307 740 4370 ab
764 4311 836 4390 ipso
860 4311 1031 4372 abstulisse
1056 4314 1086 4370 in
1110 4312 1291 4390 eodemque
1317 4309 1377 4370 Vll
1403 4313 1576 4391 sexagenis
1601 4313 1736 4382 racione,
1761 4322 1796 4372 ut
1814 4309 1981 4391 prefertur,

428 4435 523 4478 usure
548 4417 686 4496 receptis
719 4417 802 4478 ultra
826 4437 984 4478 summam
1018 4419 1171 4478 maiorem
1204 4415 1353 4478 videlicet
1380 4417 1423 4478 lX
1448 4437 1631 4496 sexagenas
1664 4419 1786 4498 recepit
1818 4431 1850 4479 et
1875 4419 1979 4498 ipsum

428 4525 458 4584 in
484 4523 609 4584 duabus
634 4525 780 4585 adminus
813 4527 986 4606 sexagenis
1018 4527 1180 4586 traceione
1213 4523 1395 4584 huiusmodi
1427 4537 1460 4586 et
1485 4525 1678 4585 evocacione
1710 4525 1741 4584 in
1766 4525 1814 4584 ius
1838 4525 1980 4585 seculare

429 4641 542 4692 contra
567 4631 775 4692 concordiam
801 4631 919 4693 factam
944 4631 1194 4712 dampnificavit,
1220 4643 1336 4710 petens
1353 4635 1443 4711 ipsos
1459 4633 1498 4691 ad
1517 4632 1757 4692 restitucionem
1783 4633 1869 4692 dicte
1886 4651 1981 4692 usure

429 4757 488 4817 per
511 4740 616 4818 ipsum
642 4737 719 4800 olim
744 4737 913 4800 Nicolaum
945 4741 1044 4800 modo
1070 4739 1217 4818 predicto
1242 4751 1380 4818 recepte,
1414 4739 1562 4800 videlicet
1586 4737 1647 4798 Xll
1672 4757 1919 4818 sexagenarum‚
1948 4747 1981 4798 et

430 4846 606 4924 dampnum
625 4842 933 4930 expensarumlque]
959 4844 1157 4906 solucionem
1180 4849 1252 4924 cogi
1278 4853 1310 4905 et
1328 4843 1487 4924 compelli.
1513 4845 1565 4906 Ex
1589 4845 1726 4907 adverso
1743 4846 1826 4908 dnus
1843 4845 1982 4907 Mathias

429 4951 574 5032 prefatus
599 4953 772 5013 canonicus
797 4953 839 5013 de
863 4951 1115 5031 Crasznysthaw
1140 4951 1320 5013 evincendo
1345 4962 1480 5013 matrem
1506 4951 1687 5032 fratresque
1720 4965 1752 5013 et
1777 4971 1906 5014 sorores
1930 4953 1981 5012 de-

428 5057 574 5120 liberavit
599 5059 639 5120 ad
665 5057 737 5130 XV,
763 5061 968 5138 presentibus
993 5059 1265 5139 procuratoribus.

641 5250 683 5312 A.
714 5265 804 5331 1509,
829 5251 1024 5314 Novembris
1048 5271 1078 5331 9.
1102 5253 1133 5312 in
1158 5254 1352 5313 consistorio
1377 5251 1533 5312 Plocensi.

537 5369 625 5440 299.
651 5376 748 5455 (Acta
774 5375 855 5437 offic.
881 5376 955 5456 ssa).
980 5377 1014 5438 ln
1040 5397 1135 5439 causa
1160 5378 1310 5437 laboriosi
1336 5373 1459 5437 Stefani
1485 5379 1524 5439 de
1549 5375 1725 5456 Ziromyno
1743 5388 1774 5438 et
1791 5380 1901 5438 uxoris
1925 5397 1982 5438 sue

428 5503 465 5544 ac
483 5485 796 5564 consanguineorum
814 5497 925 5546 contra
946 5507 1051 5546 vener.
1070 5488 1167 5547 dnum
1187 5485 1339 5544 iacobum
1366 5483 1610 5566 Rudayenyslcy
1635 5485 1825 5544 canonicum
1852 5483 1982 5544 Plocen·

429 5609 498 5651 sem
516 5603 548 5652 et
566 5592 722 5654 Mathiam
749 5591 934 5652 familiarem
961 5613 1062 5666 sunm,
1086 5593 1168 5652 dnus
1193 5595 1400 5652 canonicus..
1425 5593 1521 5672 peciit
1538 5593 1597 5652 sibi
1623 5593 1690 5651 dari
1715 5601 1924 5652 executorem
1942 5591 1982 5650 ad

428 5698 590 5758 citandum
608 5697 720 5760 honor.
745 5697 965 5780 Augustinum
983 5702 1023 5760 de
1042 5699 1257 5780 Vyschegrad
1284 5711 1525 5778 procuratorem
1544 5700 1620 5760 dicti
1638 5695 1794 5758 Stcfuni..
1820 5696 1858 5758 ad
1876 5697 1983 5758 viden·
