4392 6672
897 660 991 710 ACTA
1011 659 1132 712 lUDlCll
1150 659 1286 710 ECCLES.
1308 659 1495 710 PLOCENSlS

714 754 719 757 .
733 751 903 758 --——.

633 871 675 932 A.
706 874 797 950 1488,
821 871 897 933 Maii
924 887 973 940 22,
999 873 1028 933 in
1054 871 1193 954 lunyecz
1218 873 1247 932 in
1272 873 1359 934 curia
1383 873 1571 954 episcopali.

533 993 618 1061 153.
642 996 739 1076 (Acta
763 999 861 1078 episc.
879 995 962 1078 111)..
988 997 1106 1058 Rmo..
1131 997 1198 1059 dno
1215 997 1311 1059 Petro
1335 995 1375 1058 D.
1394 1017 1423 1076 g.
1441 999 1600 1077 episcopo
1625 997 1803 1059 Plocensi..
1829 1015 1976 1058 causas..

420 1106 590 1174 iudicante,
623 1107 818 1167 constitutus
851 1104 1065 1184 personaliter
1096 1103 1208 1166 honor.
1234 1105 1316 1165 dnus
1340 1103 1448 1165 Lucas
1482 1104 1638 1183 plebanus
1669 1105 1702 1163 in
1726 1103 1976 1185 Novemyastho

421 1221 534 1272 contra
558 1211 671 1272 honor.
696 1212 795 1273 dnum
813 1211 1015 1274 Clementem
1033 1209 1126 1272 Srme
1144 1213 1296 1290 principis
1321 1213 1384 1274 dne
1402 1209 1544 1272 Barbare
1572 1211 1608 1271 D.
1627 1231 1657 1291 g.
1674 1211 1803 1272 ducisse
1822 1210 1976 1284 Mazovie,

419 1317 539 1380 Russie
560 1327 619 1379 etc.
645 1321 805 1381 notarium
820 1368 842 1380 ..
868 1320 1039 1398 proposuit
1064 1319 1393 1400 proposicionemque
1410 1319 1441 1379 in
1459 1319 1587 1399 scriptis
1612 1317 1707 1378 michi
1734 1319 1860 1380 notario
1884 1315 1975 1378 infra·

421 1425 543 1504 scrip'to
568 1425 707 1498 tradidit,
740 1437 858 1506 petens
883 1427 986 1506 ipsam
1011 1426 1141 1487 inscribi
1164 1437 1198 1488 et
1222 1427 1325 1500 inseri,
1357 1426 1445 1486 cuius
1469 1437 1565 1486 tenor
1589 1425 1734 1506 sequitur
1758 1434 1791 1486 et
1815 1433 1865 1486 est
1889 1422 1975 1486 talis:

421 1533 537 1594 Rme..
563 1545 664 1614 pater,
698 1553 849 1615 propono
873 1535 963 1614 gravi
986 1553 1059 1595 cum
1085 1531 1216 1613 querela
1239 1543 1353 1594 contra
1378 1531 1581 1594 Clementem
1607 1532 1657 1594 hic
1682 1540 1877 1612 presentem,
1902 1531 1976 1610 quia

419 1641 491 1719 ipse
515 1642 618 1720 pridie
643 1643 673 1702 in
698 1643 797 1704 domo
823 1661 895 1702 mea
919 1641 1006 1700 nulla
1030 1641 1200 1701 lacessitus
1223 1641 1344 1711 iniuria,
1372 1638 1512 1700 suffusus
1536 1649 1568 1700 et
1594 1639 1765 1700 inhoneste
1790 1657 1825 1700 se
1850 1637 1975 1699 habens

419 1748 451 1808 in
476 1750 590 1809 eadem
624 1748 723 1808 domo
749 1767 821 1808 mea
853 1746 1003 1808 videlicet
1037 1749 1169 1818 urinam,
1204 1744 1293 1808 salva
1318 1747 1502 1808 reverencia
1535 1745 1601 1806 Ptis
1626 1744 1755 1817 Vestre,
1788 1745 1974 1824 proiciendo

420 1873 476 1914 seu
502 1855 661 1915 mittendo
685 1873 722 1914 ac
748 1853 863 1914 laxatis
887 1853 1030 1924 habenis,
1056 1853 1200 1933 dyabolo
1225 1853 1285 1914 sibi
1309 1863 1517 1934 suggerente,
1542 1854 1574 1912 in
1598 1851 1698 1913 verba
1721 1852 1919 1932 vituperiosa
1942 1859 1974 1911 et

420 1961 571 2022 iniuriosa
595 1979 633 2021 ac
650 1960 864 2022 diffamatoria
890 1961 1037 2040 prorupit
1061 1959 1242 2021 clamorose
1268 1980 1319 2020 me
1337 1959 1504 2022 latronem.
1530 1959 1678 2030 bestiam,
1703 1956 1841 2021 scrofam
1866 1957 1975 2038 appel-

420 2063 517 2128 lando
542 2077 574 2127 et
598 2067 796 2128 diffamando
820 2067 982 2148 michique
1008 2087 1066 2147 per
1089 2065 1151 2127 hoc
1176 2079 1208 2126 et
1233 2065 1348 2127 honori
1373 2085 1447 2126 meo
1478 2085 1516 2126 ac
1540 2067 1638 2128 statui
1663 2085 1726 2125 non
1753 2083 1898 2143 parum..
1923 2064 1975 2125 de·

419 2175 580 2253 rogand0;
616 2172 830 2254 quasquidem
865 2175 995 2235 iniurias
1026 2175 1066 2234 ad
1098 2175 1238 2234 animam
1270 2171 1355 2234 illico
1388 2175 1537 2234 revocavi
1568 2171 1703 2252 illasque
1735 2169 1827 2234 adC
1857 2189 1974 2231 aureos

421 2279 565 2360 Hungar.
590 2282 776 2342 extimavi..
803 2291 920 2360 petens
944 2301 1002 2360 per
1025 2280 1067 2342 V.
1091 2281 1130 2342 R.
1155 2281 1247 2342 Ptem
1272 2282 1376 2361 ipsum
1407 2279 1448 2341 ad
1472 2279 1643 2342 emendam
1668 2279 1826 2340 dictarum
1851 2279 1974 2338 iniuria·

419 2407 488 2446 rum
514 2397 548 2448 et
572 2389 773 2449 solucionem
797 2388 958 2449 dictorum
985 2385 1011 2448 C
1035 2407 1205 2449 aureorum
1230 2387 1494 2468 condempnari..

632 2580 673 2642 A.
704 2577 796 2660 14'88,
821 2580 964 2663 Augusti
990 2595 1039 2660 27,
1064 2582 1095 2642 in
1121 2591 1229 2642 castro
1254 2581 1463 2643 Poltoviensi.

529 2699 614 2768 154.
647 2703 746 2783 (Acta
774 2706 872 2784 episc.
896 2703 981 2778 llll..
1018 2703 1053 2765 ln
1084 2724 1181 2766 causa
1216 2705 1346 2766 discreti
1382 2704 1533 2766 Iohannis
1565 2705 1672 2765 vicarii
1704 2703 1735 2764 in
1760 2701 1973 2782 Crzinovloga

419 2811 532 2872 contra
557 2809 696 2871 nobilem
723 2811 898 2872 Martinum
922 2813 964 2874 de
988 2809 1248 2891 Crzinowloga..
1282 2811 1443 2872 Iohannes
1472 2812 1503 2872 in
1526 2811 1695 2891 presencia
1719 2808 1849 2869 Martini
1874 2807 1973 2870 verbo

419 2919 599 2996 proposuit,
623 2919 696 2998 quia
721 2920 792 2999 ipse
815 2937 901 2978 anno
926 2919 978 2979 die
1002 2921 1099 2979 certis
1123 2919 1229 2998 ipsum
1254 2917 1431 2980 Iohannem
1456 2917 1672 2997 presbiterum
1698 2936 1769 2977 cum
1795 2915 1861 2976 suis
1885 2911 1972 2974 lrrne-

418 3023 572 3087 thonibus
597 3025 795 3103 mancipavit
819 3035 851 3086 et
869 3024 1014 3086 vestibus
1039 3043 1171 3098 exuens,
1197 3025 1305 3086 tunica
1329 3024 1480 3086 videlicet
1505 3034 1538 3086 et
1563 3021 1698 3102 pellici0,
1723 3023 1873 3084 manibus
1898 3031 1973 3100 post

418 3141 545 3210 tergum
571 3131 686 3211 ligatis,
718 3151 777 3210 per
802 3129 906 3191 villam
931 3131 1050 3192 ibidem
1084 3131 1115 3192 in
1141 3129 1356 3212 Crzinovloga
1381 3132 1474 3194 duxit
1507 3141 1539 3192 et
1563 3130 1667 3192 cultro
1691 3129 1800 3192 taliter
1822 3127 1971 3188 ducendo

418 3237 625 3318 percuciebat
650 3246 726 3318 post
751 3249 877 3318 tergum
911 3249 943 3299 et
968 3238 1008 3298 ad
1033 3237 1094 3298 alia
1119 3239 1263 3298 membra
1288 3251 1321 3300 et
1345 3241 1518 3317 signanter,
1550 3237 1639 3316 quod
1671 3238 1776 3316 ipsum
1809 3236 1850 3296 ad
1875 3243 1973 3314 caput

418 3353 451 3406 et
474 3363 589 3405 manus
621 3344 799 3406 vulneravit
830 3345 1007 3405 enormiter
1037 3343 1078 3405 ad
1104 3345 1269 3424 sanguinis
1300 3343 1500 3414 effusionem,
1534 3363 1630 3422 quem
1663 3343 1703 3403 ad
1728 3343 1847 3402 curiam
1881 3359 1971 3401 suam

418 3450 574 3512 inducens
598 3451 644 3511 sic
676 3461 710 3511 ut
737 3451 930 3528 premittitur
962 3449 1096 3529 ligatum
1132 3450 1233 3512 vinxit
1265 3451 1547 3528 comminatusque
1572 3457 1622 3510 est
1653 3451 1768 3514 eidem,
1801 3449 1889 3527 quod
1913 3446 1973 3508 sibi

417 3558 516 3621 vellet
540 3577 634 3620 aures
658 3555 834 3628 abscidere,
868 3557 992 3618 dicens:
1018 3557 1076 3616 des
1100 3555 1273 3630 cultellum,
1299 3557 1386 3638 quod
1411 3556 1471 3618 sibi
1495 3575 1589 3617 aures
1613 3555 1788 3629 abscidam,
1821 3573 1861 3615 ne
1887 3563 1972 3632 post·

418 3666 550 3726 modurn
576 3662 764 3726 facultatem
788 3662 924 3724 haberet
947 3661 1077 3732 citandi,
1104 3671 1138 3724 ut
1162 3666 1187 3724 si
1205 3683 1257 3724 me
1275 3664 1429 3738 citaverit,
1454 3663 1689 3742 excepcionem
1715 3659 1894 3740 legitimam
1912 3659 1972 3720 sibi

418 3790 483 3832 non
508 3770 727 3850 respondendi
751 3771 782 3830 in
806 3773 873 3830 iure
897 3769 1045 3841 habeam,
1070 3790 1111 3831 eo
1136 3771 1223 3850 quod
1249 3791 1314 3832 non
1337 3769 1457 3831 habeat
1482 3789 1585 3830 aures.
1621 3768 1664 3829 Et
1690 3767 1914 3829 nichilominus
1939 3775 1973 3828 ut

417 3877 531 3939 eadem
557 3877 742 3957 proposicio
766 3877 991 3958 subiungebat,
1023 3877 1111 3956 quod
1136 3879 1340 3948 vestimenta,
1373 3877 1414 3938 de
1440 3876 1557 3957 quibus
1582 3877 1798 3956 presbiterum
1824 3885 1970 3946 exuerat,

419 4004 478 4064 pro
495 4003 530 4045 se
555 3984 723 4062 usurpavit
747 3993 779 4043 et
796 3979 860 4067 [adl
879 4003 955 4044 usus
971 4003 1049 4044 suos
1066 3985 1236 4045 convertit.
1262 3982 1459 4064 Quiquidem
1477 3985 1637 4064 presbiter
1653 3983 1782 4043 iniurias
1802 3982 1972 4060 predictas,

417 4091 643 4170 percussiones
667 4099 700 4151 et
725 4087 854 4150 vulnera
878 4102 910 4151 et
934 4088 1243 4152 dehonestacionem
1269 4092 1311 4153 ad
1327 4091 1468 4152 animum
1487 4101 1626 4160 revocat,
1653 4091 1693 4150 ad
1723 4087 1807 4150 CCC
1831 4087 1973 4150 florenos

418 4195 563 4278 Hungar.
586 4197 780 4258 extimans..
805 4207 922 4277 petens
946 4200 1052 4276 ipsum
1076 4201 1107 4259 in
1132 4200 1245 4278 petitis
1270 4199 1538 4279 condempnari..

631 4389 674 4452 A.
702 4391 792 4467 1488,
818 4389 1021 4470 Septembris
1052 4408 1097 4466 12,
1122 4394 1152 4452 in
1178 4391 1276 4454 Plock
1302 4392 1332 4454 in
1357 4393 1443 4453 curia
1467 4390 1652 4473 episcopali.

532 4509 615 4578 155.
648 4513 746 4595 (Acta
771 4519 869 4596 episc.
893 4515 983 4596 llll..
1016 4517 1119 4578 Rmus
1143 4517 1227 4579 dnus
1258 4519 1290 4578 in
1316 4519 1483 4597 presencia
1512 4517 1624 4579 honor.
1649 4518 1703 4578 dni
1728 4513 1851 4578 Mathie
1876 4513 1972 4591 Darn-

419 4619 562 4688 browka,
594 4619 724 4700 plebani
748 4622 779 4681 in
804 4621 995 4702 Trzepow0,
1029 4621 1173 4704 legitime
1196 4624 1284 4685 citati
1308 4624 1498 4686 iudicialiter
1529 4625 1681 4694 decrevit,
1715 4623 1802 4703 quod
1837 4623 1862 4684 si
1888 4619 1971 4682 idem

418 4725 577 4806 plebanus
601 4727 752 4790 clericum
778 4729 1018 4792 interfectorem
1043 4730 1209 4793 cuiusdam
1234 4730 1374 4811 religiosi
1401 4730 1560 4792 interlecti
1578 4731 1618 4793 de
1636 4732 1838 4793 monasterio
1863 4748 1887 4790 s.
1904 4725 1971 4788 Tri-

420 4835 528 4896 nitatis
551 4836 583 4895 in
600 4834 740 4897 Ploczka
765 4850 840 4915 post
864 4839 1154 4916 interempcionem
1173 4837 1286 4900 habuit
1311 4839 1340 4899 in
1360 4839 1506 4900 manibus
1530 4839 1594 4900 suls
1618 4847 1651 4900 et
1668 4837 1816 4900 submisit
1832 4855 1868 4896 se
1885 4832 1971 4895 illurn

418 4953 653 5022 representare,
686 4943 730 5004 uti
755 4941 940 5006 maleficum
965 4944 1030 5005 dno
1056 4944 1222 5027 Episcopo
1256 4945 1307 5006 vel
1330 4966 1388 5008 sue
1413 4945 1497 5006 Rme
1521 4945 1589 5008 Ptis
1612 4943 1741 5006 officiali
1767 4941 1913 5004 Plocensi
1939 4948 1972 4999 et

417 5048 597 5129 superbiis
622 5049 773 5130 legitimis
797 5050 1002 5114 documentis
1026 5053 1244 5128 convincetur,
1278 5061 1399 5114 extunc
1422 5053 1586 5114 tenebitur
1616 5053 1720 5131 ipsum
1747 5060 1971 5130 representare

417 5177 526 5217 coram
551 5176 610 5218 sua
634 5157 719 5218 Rma
744 5158 815 5233 Pte;
847 5160 895 5219 sin
920 5169 1038 5228 autem,
1070 5157 1234 5220 soluturus
1258 5171 1308 5221 est
1341 5179 1458 5239 penam
1484 5161 1600 5238 capitis
1625 5158 1824 5220 monasterio
1848 5153 1971 5233 religio·

418 5283 536 5338 sorum,
560 5263 602 5324 de
627 5283 693 5344 quo
718 5264 897 5326 monachus
921 5265 1111 5327 interiectus
1134 5264 1200 5326 suit.

526 5366 612 5434 156.
636 5371 814 5451 (ibidem.
839 5372 1018 5434 Constituti
1045 5373 1261 5454 personaliter
1284 5375 1434 5455 generosi
1459 5374 1513 5435 dni
1538 5371 1632 5434 Felix
1656 5381 1689 5432 et
1706 5369 1884 5449 Procopius
1901 5386 1972 5446 ger-

419 5477 504 5537 mani
521 5477 561 5538 de
578 5477 723 5560 Syeprcz
748 5491 780 5541 et
798 5479 916 5542 ibidem
941 5478 1079 5542 heredes
1104 5481 1133 5540 in
1152 5483 1321 5560 presencia
1346 5481 1476 5542 discreti
1501 5491 1534 5542 et
1551 5479 1704 5541 nobilium
1730 5479 1866 5539 dnorum
1884 5471 1972 5538 Pauli

420 5582 548 5661 plebani
565 5586 596 5645 in
612 5583 799 5666 Luschyno,
825 5585 985 5658 iohannis,
1009 5587 1128 5656 Iacobi,
1152 5585 1287 5657 Nicolai,
1313 5587 1429 5662 Iacobi,
1455 5588 1631 5656 Ambrosii,
1658 5588 1791 5649 Andree
1815 5580 1970 5644 heredum

419 5691 459 5752 de
483 5691 637 5755 Bobrovo
654 5694 910 5773 produxerunt..
935 5695 1142 5755 concordiam
1169 5705 1200 5756 et
1225 5695 1427 5756 amicabilem
1452 5697 1729 5776 composicionem
1754 5674 1972 5774 per'arbitros
