4458 6674
933 709 1022 758 ANNI
1042 706 1118 761 1510.
1752 726 1808 791 147

338 901 341 910 ¹
363 915 455 984 311.
471 919 625 999 (ibidem).
642 919 723 982 Item
739 921 826 984 idem
844 933 1065 1001 procurator..
1084 933 1197 985 contra
1216 923 1358 984 nobilem
1377 923 1508 984 Paulum
1530 924 1570 985 de
1588 923 1809 1002 Leszczyno..

257 1027 428 1108 proposuit
451 1026 560 1100 verbo,
594 1027 668 1107 quia
691 1028 762 1108 ipse
786 1029 902 1090 eodem
927 1049 1014 1092 anno
1038 1029 1183 1091 similiter
1207 1027 1314 1090 eundo
1346 1031 1376 1089 in
1403 1028 1559 1092 bellum
1592 1029 1809 1092 Moldavie

257 1135 382 1212 recepit
399 1153 517 1214 equum
534 1133 660 1196 cuidam
677 1131 842 1196 Stanislao
858 1135 1023 1197 emethoni
1036 1185 1057 1197 ..
1074 1137 1128 1197 dni
1146 1133 1348 1216 Suffraganei
1365 1136 1406 1197 de
1423 1137 1496 1198 villa
1513 1137 1670 1218 Conyevo
1691 1137 1810 1200 valoris

258 1241 284 1302 ll
308 1261 555 1322 sexagenarum,
580 1249 697 1322 petens
719 1243 826 1321 ipsum
852 1242 893 1303 ad
918 1243 1159 1303 restitucionem
1186 1245 1267 1322 equi,
1301 1245 1326 1303 si
1352 1263 1416 1304 non
1441 1247 1481 1305 sit
1506 1245 1728 1320 deterioratus,
1755 1255 1810 1308 aut

256 1349 296 1409 ad
314 1345 512 1410 solucionem
538 1350 611 1429 equi
628 1349 736 1428 cogi..
761 1349 952 1410 Exadverso
977 1350 1126 1412 nobilis..
1151 1350 1292 1412 obtinuit
1316 1351 1488 1412 terminum
1513 1351 1809 1414 deliberatorinm..

364 1451 454 1520 312.
479 1454 632 1536 (Ibidem).
656 1453 847 1535 Comparuit
874 1457 1089 1534 personaliter
1113 1477 1222 1520 coram
1247 1458 1313 1519 dno
1331 1456 1469 1520 Officiali
1494 1460 1653 1520 discretus
1677 1457 1810 1520 Sasinus

256 1560 439 1642 Orzenyski
463 1561 598 1624 clericus
623 1583 680 1642 per
696 1582 732 1624 se
748 1575 966 1644 accusataque
990 1567 1193 1626 contumacia
1219 1563 1334 1626 nobilis
1351 1562 1547 1644 Sigismundi
1565 1565 1809 1627 Laschenski..

257 1671 427 1750 proposuit
453 1667 562 1739 verbo,
588 1671 663 1749 quia
687 1670 757 1747 ipse
781 1691 867 1733 anno
892 1673 1035 1752 presenti
1060 1670 1079 1732 s.
1104 1667 1162 1732 llda
1188 1683 1263 1751 post
1289 1671 1490 1732 Dominicam
1518 1672 1808 1753 Ramispalmarum

256 1779 287 1836 in
311 1787 421 1838 castro
445 1774 596 1838 Plocensi
621 1795 730 1838 coram
756 1780 821 1838 dno
845 1779 1028 1858 capitaneo,
1053 1778 1127 1838 dnm
1147 1779 1230 1839 idem
1256 1775 1390 1840 Sasinus
1415 1781 1531 1840 missus
1555 1788 1625 1840 erat
1649 1781 1688 1839 ad
1710 1779 1808 1840 dnum

256 1885 460 1963 capitaneum
494 1883 525 1943 in
549 1884 645 1945 certis
669 1887 815 1965 negociis
838 1884 960 1946 domini
984 1887 1040 1956 sui,
1073 1905 1170 1946 ausus
1195 1894 1245 1948 est
1269 1887 1408 1947 eundem
1433 1886 1588 1948 infamare
1612 1897 1645 1948 et
1668 1886 1810 1948 dobone-

256 2001 342 2052 stare
366 2008 475 2050 coram
500 1989 609 2051 multis
633 1988 817 2052 bominibus
841 1991 934 2052 bonis
959 2001 991 2052 et
1008 1992 1119 2072 probis
1137 1991 1264 2070 publice
1282 1993 1388 2054 verbis
1405 1994 1585 2055 inhonestis
1602 2005 1634 2054 et
1653 1994 1810 2054 iniuriosis

257 2096 432 2160 asserendo
456 2116 529 2156 eum
555 2094 666 2169 furem,
692 2097 849 2160 latronem
876 2107 909 2159 et
932 2099 1142 2177 deceptorem
1168 2119 1205 2160 ae
1229 2097 1394 2160 hominem
1420 2101 1537 2162 malum
1563 2113 1596 2162 et
1620 2121 1758 2181 nequam
1778 2113 1811 2162 et

256 2203 344 2284 quod
368 2205 472 2266 eidem
498 2203 679 2266 sustulisset
704 2205 789 2266 furto
812 2215 845 2265 et
861 2215 1010 2286 tempore
1035 2218 1195 2268 nocturno
1220 2207 1361 2267 nobilem
1386 2207 1484 2267 dnum
1511 2205 1706 2269 Stanislaum
1732 2205 1810 2285 Cry-

256 2310 306 2373 slti
337 2311 458 2392 pariter
489 2329 561 2372 cum
594 2312 694 2390 ipsius
725 2311 821 2373 rebus
854 2310 1013 2373 debonis
1042 2312 1247 2395 Brwyelyn0,
1280 2325 1312 2374 et
1344 2325 1457 2374 contra
1489 2314 1627 2374 eundem
1660 2312 1809 2376 Sasinum

256 2431 409 2497 tanquam
443 2429 556 2478 contra
589 2417 690 2480 iurem
722 2417 873 2479 auxilium
906 2431 938 2480 et
970 2417 1109 2480 officium
1142 2421 1242 2500 ipsius
1274 2419 1329 2480 dni
1357 2422 1518 2499 capitanei
1549 2421 1745 2500 implorabat
1777 2432 1810 2482 et

257 2526 513 2604 exequutionem
545 2524 691 2586 eiusdem
715 2523 999 2605 officiitanquam
1031 2528 1071 2588 de
1097 2525 1166 2588 lure
1191 2527 1320 2603 publico
1354 2527 1540 2605 postulabat
1571 2530 1603 2588 in
1633 2529 1810 2588 iniuriam..
1904 2544 1908 2550 ·

257 2634 356 2714 ipsius
379 2633 434 2694 dni
458 2629 562 2694 Sasini
586 2630 690 2692 clerici
716 2633 862 2702 ordinati,
896 2630 1012 2694 nobilis
1044 2653 1087 2694 ex
1112 2644 1249 2712 utroque
1280 2645 1416 2712 parente
1441 2633 1527 2694 bone
1551 2633 1634 2694 lame
1668 2644 1702 2696 et
1725 2634 1809 2694 bene

256 2741 439 2802 conservati
464 2758 502 2799 ac
520 2758 580 2818 pro
604 2739 660 2800 tali
684 2741 767 2800 inter
791 2740 897 2802 bonos
921 2736 1069 2801 homines
1093 2739 1203 2802 habiti.
1228 2738 1334 2818 Quam
1352 2741 1531 2802 iniuriam..
1556 2741 1641 2802 idem
1659 2741 1809 2802 Szasinus

257 2847 421 2908 clericus„
454 2845 593 2908 extimat
623 2846 665 2908 ad
693 2845 723 2906 D
748 2846 917 2908 ducatos..
952 2845 1005 2906 Ex
1036 2847 1175 2908 adverso
1206 2867 1400 2928 comparens
1438 2847 1553 2910 nobilis
1585 2846 1809 2930 Sigismundus

256 2953 468 3016 Laschewski
500 2973 559 3034 per
582 2973 617 3014 se
642 2954 772 3032 negavit
796 2963 957 3015 narrata..
982 2966 1015 3015 et
1039 2952 1197 3033 allegavit,
1231 2955 1368 3034 quodsi
1394 2955 1501 3034 aliqua
1524 2955 1623 3016 verba
1648 2957 1811 3034 expressit

257 3062 361 3124 eidem
386 3061 503 3122 clerico
527 3079 636 3122 coram
661 3060 846 3122 hominibus
870 3060 964 3121 bonis
994 3071 1027 3122 et
1050 3079 1159 3120 coram
1183 3061 1249 3122 dno
1274 3063 1453 3140 capitaneo,
1486 3059 1537 3121 illa
1562 3063 1727 3142 expressit
1749 3063 1809 3122 sub

257 3169 446 3230 condicione
471 3168 537 3230 tali:
564 3168 767 3246 inquantum
791 3169 863 3247 ipse
879 3177 966 3228 esset
990 3187 1071 3227 unus
1095 3188 1139 3230 ex
1154 3168 1222 3237 illis.
1248 3170 1301 3246 qui
1318 3166 1459 3229 nobilem
1477 3165 1672 3230 Stanislaum
1691 3166 1810 3247 Cryslri

258 3287 353 3338 nocte
376 3275 581 3336 sustulissent
606 3293 742 3336 unacum
767 3275 862 3336 rebus
886 3275 999 3354 ipsius;
1024 3274 1081 3336 sed
1107 3287 1280 3354 postquam
1304 3274 1415 3337 didicit
1440 3295 1511 3336 eum
1537 3295 1610 3338 esse
1635 3277 1808 3336 immunem

256 3403 315 3444 nec
339 3401 412 3444 esse
435 3383 468 3442 in
492 3382 642 3443 comitiva
667 3383 821 3461 ipsorum,
846 3383 900 3461 qui
917 3383 1055 3444 eundem
1080 3381 1179 3442 dnum
1204 3381 1399 3444 Stanislaum
1425 3393 1521 3444 nocte
1546 3393 1737 3456 receperant
1755 3393 1810 3444 aut

256 3491 361 3570 ipsum
387 3490 537 3550 dicuntur
561 3489 733 3567 recepisse,
758 3499 879 3550 extunc
903 3491 1009 3569 ipsum
1034 3489 1132 3550 dnum
1150 3487 1299 3550 Sasinum
1325 3488 1475 3550 clericum
1501 3489 1610 3560 noluit,
1636 3501 1733 3568 prout
1749 3510 1809 3550 nec

256 3596 323 3658 vult
346 3594 503 3657 infamare
533 3605 590 3657 aut
613 3595 845 3672 dehonestare;
884 3605 918 3657 et
942 3597 968 3657 si
992 3595 1098 3676 aliqua
1123 3597 1222 3658 verba
1246 3595 1393 3675 protulit,
1426 3596 1480 3657 illa
1504 3597 1680 3666 revocavit,
1713 3607 1810 3675 prout

257 3715 397 3774 revocat,
422 3701 582 3784 nichilque
608 3703 681 3764 mali
705 3702 746 3763 de
763 3699 880 3764 eodem
898 3699 1032 3764 Szasino
1050 3704 1119 3775 scit,
1144 3704 1203 3764 nisi
1219 3723 1316 3764 omne
1334 3703 1452 3764 bonum
1478 3713 1511 3764 et
1529 3704 1617 3781 quod
1637 3714 1687 3764 est
1704 3703 1809 3765 bonus

256 3813 355 3874 homo
379 3821 413 3874 et
435 3811 520 3874 bene
544 3820 764 3872 conservatus
789 3807 896 3890 Quam
914 3809 1146 3889 allegacionem
1171 3811 1254 3872 dnus
1279 3809 1431 3871 Andreas
1455 3809 1496 3870 de
1512 3807 1720 3889 Naquassino
1738 3831 1808 3889 pro·

256 3927 385 3981 curator
408 3915 513 3980 Sasini
537 3919 671 3998 negavit
694 3917 791 3978 luisse
816 3936 935 3991 veram,
960 3919 1060 3978 immo
1083 3917 1173 3986 dixit,
1198 3917 1285 3997 quod
1310 3937 1375 3978 non
1400 3916 1665 3977 condicionaliter
1688 3915 1810 3978 obiecit

256 4026 354 4088 verba
377 4023 550 4090 inhonesta
566 4025 608 4086 de
624 4023 710 4088 furto
726 4025 831 4086 eidem
847 4023 914 4084 dno
931 4021 1055 4096 Sasino‚
1080 4022 1137 4086 sed
1154 4023 1342 4103 simpliciter
1366 4034 1399 4086 et
1416 4023 1593 4084 deliberate
1610 4023 1809 4103 aliquociens

257 4133 371 4196 eadem
395 4141 582 4213 repetens..

470 4325 512 4388 A.
541 4339 633 4406 1510,
657 4323 781 4405 Aprilis
811 4341 856 4402 19,
881 4323 911 4384 in
936 4323 1102 4386 Poltowsk
1126 4327 1159 4386 in
1182 4325 1267 4386 curia
1292 4323 1478 4404 episcopali.
1585 4342 1593 4356 ·

364 4449 454 4518 3l3.
478 4453 582 4533 (Acta,
592 4453 689 4531 episc.
707 4449 773 4530 IX).
798 4449 832 4510 In
849 4469 947 4511 causa
971 4452 1191 4512 commissaria
1218 4451 1398 4532 apostolica
1421 4471 1581 4530 generose
1606 4449 1668 4510 dne
1686 4450 1809 4511 ltamile

257 4561 405 4643 Crupska
430 4570 463 4622 et
479 4569 593 4621 contra
616 4556 823 4638 magnificum
848 4556 946 4618 dnum
964 4557 1140 4618 Iohannem
1165 4556 1433 4637 Zabrzes·1.ynsky
1458 4557 1648 4618 marsalcum
1673 4553 1810 4620 ducatus

257 4670 430 4732 Lithuanie
454 4678 515 4730 etc.
540 4667 643 4728 Rmus
668 4667 749 4727 dnus
773 4664 991 4745 Episcopus..
1016 4667 1248 4726 sentenciam..
1278 4663 1477 4726 diffinitivam
1503 4665 1585 4724 inter
1608 4673 1719 4743 partes
1743 4684 1809 4726 eas·

257 4778 364 4839 dem..
389 4774 614 4856 pronunciavit
638 4771 820 4834 huiusmodi
845 4771 905 4834 sub
929 4783 1053 4834 tenore:

364 4883 461 4946 Cristi
485 4882 615 4942 nomine
639 4882 824 4942 invocato..
848 4899 891 4940 ex
907 4879 964 4951 his,
990 4879 1100 4958 quein
1119 4879 1262 4958 presenti
1286 4897 1382 4938 causa
1407 4888 1439 4940 et
1456 4879 1561 4938 causis
1585 4898 1693 4938 coram
1715 4877 1809 4939 nobis

257 5013 299 5055 ex
323 4991 534 5070 delegacione
565 4988 746 5066 apostolica
778 4988 860 5048 inter
890 5005 1083 5066 generosam
1108 4985 1204 5046 dnam
1231 4985 1388 5048 ltamilam
1421 5004 1555 5046 uxorem
1588 4984 1664 5044 olim
1693 4982 1809 5046 Felicis

258 5099 418 5180 Crupsky,
442 5097 594 5158 actricem
619 5097 661 5156 ab
685 5115 756 5165 una,
781 5106 814 5155 et
839 5092 1041 5173 magnificum
1067 5094 1165 5154 dnum
1191 5091 1366 5152 iohannem
1392 5091 1657 5169 Zabrzeszynsky
1683 5089 1810 5152 marsal·

257 5225 328 5268 cum
355 5205 463 5284 magni
487 5201 623 5264 ducatus
648 5200 820 5264 Lithuanie
845 5202 885 5262 de
910 5211 943 5261 et
964 5221 1061 5282 super
1078 5199 1187 5262 ledere
1213 5201 1405 5260 matrimonii
1430 5201 1512 5260 inter
1537 5219 1594 5260 eos
1618 5200 1809 5260 contracti..

256 5331 355 5382 reum,
381 5311 526 5391 partibus
550 5311 591 5371 ab
614 5307 724 5378 altera,
749 5321 838 5368 mota
863 5317 895 5369 et
920 5310 1051 5370 molis..
1078 5308 1247 5368 vidimus..
1273 5319 1306 5368 et
1330 5305 1559 5378 intelleximus,
1583 5305 1750 5365 dicimus..
1775 5317 1809 5366 et

257 5417 457 5480 declaramus
489 5419 573 5478 inter
596 5417 729 5477 eosdem
755 5415 912 5476 ltamilam
945 5427 978 5477 et
1003 5413 1177 5475 iohannem
1205 5425 1313 5492 partes
1338 5413 1482 5493 prelatas
1513 5415 1647 5475 tercium
1673 5413 1808 5490 gradum

258 5524 422 5587 affinitatis
446 5544 490 5584 ex
505 5543 646 5603 persona
669 5524 745 5584 dicti
770 5523 886 5584 Felicis
903 5521 1054 5602 Crupslry
1073 5533 1275 5583 contractum
1293 5533 1327 5582 et
1343 5533 1518 5602 propterea
1536 5521 1809 5582 matrimonium..

258 5635 416 5694 irritum..
440 5629 539 5691 luisse
563 5641 596 5692 et
613 5649 685 5690 esse
711 5629 936 5711 prefatamqne
961 5631 1057 5691 dnam
1083 5628 1241 5690 ltamilam
1266 5629 1404 5689 eundem
1429 5629 1526 5688 dnum
1552 5627 1728 5688 Iohannem
1754 5625 1810 5686 Za·

257 5737 477 5818 brzeszynslty
501 5757 600 5816 super
624 5737 717 5798 hoc..
743 5738 859 5798 iniuste
884 5734 1109 5798 molestasse..
1135 5745 1167 5797 et
1190 5737 1234 5797 ob
1258 5735 1320 5796 boc
1345 5737 1482 5796 eundem
1508 5737 1605 5796 dnum
1631 5731 1807 5794 iohannem
