4392 6672
802 658 982 710 ANNORUM
1003 656 1187 712 1457-1459.

434 867 476 930 A.
507 871 597 948 1458,
622 868 776 932 Octobris
801 885 850 950 25,
875 871 906 931 in
931 869 1100 933 Poltowsk
1122 873 1155 934 in
1179 873 1265 932 curia
1289 872 1476 953 episcopali.

329 971 391 1039 32.
423 975 520 1054 (Acta
544 978 642 1057 episc.
667 977 722 1058 1)..
756 976 848 1039 Dnus
873 977 997 1048 Paulus
1029 979 1205 1057 episcopus
1236 977 1411 1051 Plocensis,
1442 981 1560 1042 auditis
1593 982 1772 1062 propositis

222 1099 281 1160 pro
307 1093 397 1160 parte
422 1081 534 1144 honor.
560 1082 643 1145 Petri
670 1085 799 1164 plebani
831 1087 862 1145 in
889 1083 1027 1147 Crolevo
1060 1105 1118 1162 per
1143 1095 1386 1165 procuratorem
1411 1089 1479 1148 eius
1507 1107 1632 1168 mgrum
1658 1086 1771 1149 Iohan-

222 1206 295 1248 nem
319 1199 434 1249 contra
458 1201 491 1250 et
515 1191 670 1253 adversus
693 1191 862 1253 honestam
889 1191 1129 1272 Margaretham
1163 1191 1204 1254 de
1228 1191 1364 1254 Cuchari
1398 1193 1593 1256 residentem
1620 1213 1773 1274 persona·

221 1293 293 1356 liter
317 1295 347 1354 in
373 1293 577 1358 Czechonow
611 1318 670 1378 pro
694 1298 820 1360 decima
844 1299 1033 1380 manipulari
1059 1297 1100 1360 de
1124 1301 1210 1379 agris
1234 1300 1299 1360 suis
1333 1299 1363 1360 in
1388 1298 1525 1362 Cuchari
1550 1301 1772 1381 proveniente,

222 1421 319 1480 quam
343 1403 413 1482 ipse
438 1401 560 1474 Petrus,
593 1405 761 1484 plebanus,
794 1425 853 1486 pro
878 1426 934 1466 sua
959 1406 1093 1467 ecclesia
1125 1407 1156 1466 in
1182 1404 1334 1467 Crolewo
1366 1406 1406 1467 de
1433 1407 1663 1469 kmethonibus
1696 1409 1773 1468 reci·

224 1508 341 1588 piebat,
367 1545 409 1554 -
434 1518 467 1571 et
490 1509 656 1590 responsis
688 1514 789 1591 ipsius
820 1513 936 1574 nobilis
967 1512 1184 1594 Margarethe,
1220 1513 1308 1593 quod
1333 1515 1373 1574 sit
1405 1513 1501 1575 heres
1532 1516 1563 1575 in
1588 1515 1675 1576 dicta
1698 1513 1774 1576 villa

223 1615 361 1678 Cuchari
386 1628 418 1679 et
444 1616 500 1678 dat
524 1617 683 1680 decimam
709 1619 885 1680 secundum
912 1619 1077 1681 laudum
1102 1620 1195 1681 huius
1219 1620 1360 1682 diocesis
1383 1621 1424 1682 ad
1450 1621 1619 1682 ecclesiam
1644 1622 1675 1682 in
1694 1619 1773 1682 Gro-

225 1722 381 1797 madzino,
414 1723 455 1785 ad
480 1743 576 1804 quam
602 1727 763 1806 pertinet3
794 1738 826 1818 et
851 1726 1002 1788 dominus
1025 1728 1264 1788 communicato
1289 1727 1424 1788 consilio
1456 1746 1658 1789 assessorum
1683 1729 1774 1790 iuxta

223 1827 353 1891 laudum
391 1847 423 1894 et
448 1851 651 1894 communem
686 1831 954 1894 consuetudinem
987 1853 1045 1895 sue
1077 1832 1216 1895 diocesis
1252 1835 1370 1895 dictam
1402 1834 1499 1894 dnam
1531 1833 1773 1915 Margaretham

224 1935 364 2000 absolvit
381 1937 421 1998 ab
445 1938 655 2011 impeticione
680 1940 757 2002 dicti
782 1939 835 2000 dni
859 1939 944 2001 Petri
970 1951 1002 2001 et
1019 1937 1214 2001 adiudicavit
1238 1940 1342 2021 ipsam
1367 1940 1526 2000 decimam
1551 1939 1592 2002 de
1609 1943 1678 2002 eius
1694 1960 1775 2020 agro

225 2046 471 2121 provenientem
497 2065 588 2108 more
612 2046 766 2108 nobilium
792 2044 925 2107 aliorum
951 2048 992 2108 ad
1015 2046 1185 2109 ecclesiam
1211 2047 1240 2106 in
1267 2044 1515 2107 Gromadzino..

439 2238 480 2300 A.
510 2241 601 2319 1458,
629 2239 818 2302 Decembris
843 2241 895 2312 26,
919 2241 949 2300 in
975 2239 1075 2301 Plock
1100 2243 1131 2300 in
1157 2239 1243 2300 curia
1268 2239 1455 2320 episcopali.

333 2357 396 2427 33.
427 2361 525 2442 (Acta
550 2367 648 2443 episc.
673 2363 731 2440 l)..
764 2365 798 2425 ln
822 2362 1001 2426 cubiculo..
1035 2364 1089 2425 dni
1123 2363 1217 2451 Pauli,
1250 2364 1396 2445 episcopi
1429 2362 1601 2436 Plocensis,
1634 2363 1664 2424 in
1690 2366 1777 2425 curia

226 2467 373 2530 Plocensi
396 2471 461 2532 sito
485 2473 681 2534 constitutus
706 2470 920 2552 personaliter
951 2491 1058 2534 vener.
1083 2471 1165 2533 dnus
1191 2468 1414 2550 Strogomirus
1438 2471 1478 2532 de
1502 2469 1628 2542 Zdzari,
1661 2490 1776 2551 prepo-

226 2577 306 2637 situs
331 2575 504 2646 Plocensis,
538 2578 665 2658 publice
689 2580 881 2660 recognovit
913 2599 948 2640 se
973 2581 1165 2641 convenisse
1189 2577 1295 2639 villam
1322 2577 1514 2658 Biskupicze
1546 2579 1574 2639 ei
1603 2598 1644 2639 ex
1668 2577 1777 2658 gracia

226 2682 379 2744 donatam
406 2685 504 2746 nobili
529 2684 758 2748 Swanthoslao
782 2684 956 2764 Czembey,
981 2687 1135 2766 pincerne
1159 2688 1245 2746 curie
1269 2685 1475 2765 episcopalis
1501 2704 1558 2764 per
1582 2694 1650 2746 tres
1674 2702 1777 2744 annos

227 2809 299 2851 cum
323 2791 472 2853 omnibus
497 2801 530 2854 et
554 2793 689 2874 singulis
713 2792 876 2868 fructibus,
909 2793 1111 2862 utilitatibus,
1137 2793 1303 2855 laboribus
1327 2805 1360 2853 et
1385 2791 1604 2873 proventibus,
1639 2791 1776 2871 dempto

228 2917 276 2970 eo,
302 2899 389 2978 quod
414 2899 488 2959 dum
515 2900 771 2963 kmethones
806 2901 938 2962 nichil
964 2899 1090 2981 prelato
1115 2901 1213 2962 nobili
1238 2898 1404 2980 Czembey
1428 2897 1627 2959 laborare
1658 2896 1777 2958 habe·

228 3015 341 3080 rent,
373 3007 463 3085 ipsos
488 3005 616 3086 prefato
640 3006 706 3070 dno
729 3009 899 3089 preposito
931 3011 1105 3070 mittere
1136 3008 1184 3069 ad
1217 3007 1406 3068 laborem
1440 3004 1702 3066 moderatum
1727 3001 1779 3064 de-

227 3111 331 3183 beret,
364 3133 425 3193 pro
449 3113 567 3194 quibus
599 3115 729 3194 quidem
762 3116 975 3196 proventibus
1006 3113 1079 3176 ville
1112 3113 1239 3194 prefate
1269 3115 1341 3194 ipse
1375 3110 1490 3174 nobilis
1523 3111 1689 3189 Czembey
1713 3110 1780 3171 dno

229 3221 398 3300 preposito
423 3222 556 3302 singulis
580 3222 672 3282 annis
696 3241 754 3302 per
779 3221 858 3284 XVl
883 3240 1066 3303 sexagenas
1090 3219 1267 3284 solidorum
1293 3218 1419 3282 solvere
1444 3239 1479 3280 se
1502 3217 1660 3280 submisit.
1676 3251 1720 3262 -
1736 3215 1779 3278 Et

229 3328 419 3408 recognovit
444 3329 526 3390 dnus
550 3328 737 3410 prepositus
761 3327 1019 3391 satisfaccionem
1045 3327 1180 3390 totalem
1206 3346 1265 3408 per
1288 3345 1403 3388 omnes
1427 3337 1494 3388 tres
1517 3345 1628 3387 annos.

358 3523 362 3535 '
444 3524 484 3584 A.
514 3537 605 3602 1459,
630 3521 785 3584 Octobris
815 3540 838 3594 1,
862 3523 893 3583 in
918 3520 1110 3584 Mankolino
1135 3521 1164 3582 in
1190 3521 1277 3582 curia
1300 3519 1487 3601 episcopali.

338 3641 401 3711 34.
432 3647 531 3726 (Acta
562 3649 661 3726 episc.
686 3647 746 3728 1)..
779 3649 916 3710 Rmus..
948 3648 1030 3710 dnus
1062 3644 1196 3715 Paulus,
1227 3647 1403 3726 episcopus
1435 3643 1615 3712 Plocensis,
1647 3642 1781 3703 attentis

230 3752 399 3816 discordiis
423 3765 456 3817 et
472 3755 730 3818 dissensionibus
754 3755 898 3817 amultis
922 3754 1125 3834 temporibus
1149 3753 1272 3816 exortis
1296 3754 1379 3813 inter
1403 3751 1559 3831 providos
1583 3746 1780 3810 Stanislaum

231 3871 264 3922 et
288 3859 462 3924 Martinum
487 3882 641 3942 generum
666 3863 734 3924 eius
759 3864 939 3924 advocatos
962 3863 992 3922 in
1013 3861 1122 3924 Dobra
1148 3859 1222 3922 villa
1239 3877 1350 3920 mense
1366 3854 1561 3938 episcopalis
1584 3857 1616 3915 in
1633 3854 1780 3916 districtu

232 3987 287 4030 seu
311 3978 424 4030 tenuta
448 3967 665 4032 Mankoliensi
696 3971 888 4032 consistenti
920 3969 1117 4048 tempestive
1149 3965 1263 4028 volens
1287 3963 1468 4046 providere,
1500 3982 1541 4024 ne
1565 3960 1726 4040 ampliora
1749 3970 1782 4022 et

232 4076 354 4136 maiora
386 4077 552 4137 intereos
583 4077 684 4158 iurgia
715 4077 899 4139 excitentur
934 4089 967 4138 et
991 4075 1133 4157 pericula
1164 4075 1238 4136 inde
1271 4074 1482 4142 imminerent,
1518 4070 1632 4130 nolens
1663 4067 1783 4128 habere

234 4181 341 4260 plures
364 4184 553 4252 advocatos,
585 4203 656 4244 cum
682 4197 819 4264 propter
844 4182 1061 4264 pluralitatem
1085 4183 1319 4244 advocatorum
1352 4178 1438 4238 bona
1463 4177 1599 4239 tendunt
1632 4175 1673 4236 ad
1697 4172 1783 4234 anni·

233 4287 451 4360 chilacionem,
475 4310 548 4352 cum
573 4291 712 4352 dominis
743 4293 773 4353 ei
797 4290 1014 4352 assidentibus
1053 4291 1229 4358 mandavit,
1251 4297 1286 4348 ut
1311 4305 1392 4347 unus
1416 4285 1552 4345 alterum
1576 4283 1692 4344 desua
1712 4299 1783 4361 por·

233 4397 325 4464 eione
358 4398 530 4476 eximeret;
563 4399 620 4460 sed
645 4417 716 4459 cum
742 4396 923 4477 Stanislaus
947 4399 1090 4459 eximere
1115 4397 1227 4468 renuit,
1260 4393 1410 4455 dominus
1435 4387 1610 4458 mandavit,
1644 4397 1678 4449 ut
1703 4405 1784 4446 unus

233 4501 368 4564 alterum
393 4505 434 4565 de
459 4523 517 4566 sua
541 4506 696 4586 porcione
721 4517 902 4580 exemeret;
934 4504 992 4566 sed
1016 4521 1089 4564 cum
1115 4499 1294 4564 Stanislaus
1318 4500 1461 4560 eximere
1488 4495 1602 4572 renuit,
1634 4493 1784 4554 dominus

234 4609 408 4684 mandavit,
438 4625 472 4672 ut
497 4611 655 4674 Martinus
679 4611 767 4673 dicto
791 4609 956 4674 Stanislao
980 4609 1078 4672 XXX
1102 4627 1285 4688 sexagenas
1309 4605 1506 4667 mediantum
1532 4601 1687 4664 solveret:
1719 4599 1785 4662 XV

234 4717 275 4777 ad
299 4715 534 4780 Penthecostes
565 4729 598 4782 et
629 4721 775 4782 residuas
798 4717 864 4780 XV
895 4720 934 4780 ad
965 4715 1134 4780 Michaelis
1165 4715 1248 4777 iesta
1279 4733 1352 4775 sese
1385 4711 1571 4773 immediate
1602 4709 1784 4788 sequencia.

236 4821 278 4886 Et
301 4825 373 4904 ipse.
397 4824 554 4888 Martinus
578 4826 681 4888 arabit
712 4827 774 4888 iam
809 4828 839 4887 in
863 4825 1039 4888 medietate
1064 4824 1227 4905 porcionis
1258 4820 1334 4883 dicti
1352 4817 1504 4880 Stanislai
1530 4833 1590 4898 pro
1616 4813 1784 4876 frumentis

235 4931 423 4994 estivalibus
447 4932 525 4996 alias
548 4954 590 4995 na
608 4955 712 5014 yarr,·
743 4935 769 4996 si
793 4943 900 4995 autem
933 4943 1037 4994 totam
1063 4931 1233 5012 pecuniam
1266 4925 1408 4989 solveret
1441 4923 1481 4984 ad
1506 4921 1623 4984 festum
1649 4919 1785 4982 Penthe-

235 5050 354 5114 costes,
391 5041 495 5102 arabit
519 5042 589 5121 ipse
613 5041 772 5103 Martinus
804 5059 864 5120 pro
893 5037 1081 5102 estivalibus
1112 5047 1216 5099 totam
1249 5035 1436 5114 porcionem
1467 5028 1627 5101 Stanislai,
1659 5029 1786 5108 etipse

235 5143 416 5208 Stanislaus
447 5147 478 5208 in
503 5149 602 5209 domo
628 5149 759 5229 propria
783 5167 886 5228 usque
917 5148 957 5209 ad
981 5145 1116 5209 totalem
1141 5141 1382 5205 exsolucionem
1413 5137 1620 5220 pecuniarum
1645 5134 1785 5195 residere

235 5253 371 5316 habebit
396 5253 587 5318 libertatem.
624 5256 705 5318 ltem
730 5256 835 5317 Rmus
859 5266 952 5334 pater
976 5253 1142 5334 predictus
1165 5249 1332 5311 mandavit
1358 5245 1484 5326 prelato
1508 5241 1670 5305 Stanislao
1695 5241 1787 5319 privi-

237 5363 356 5444 legium
382 5373 415 5424 et
431 5363 540 5423 omnia
565 5364 630 5424 iura
656 5363 742 5424 dicte
766 5363 936 5424 advocatie
961 5363 992 5421 in
1009 5359 1121 5420 Dobra
1146 5366 1327 5418 memorato
1352 5353 1492 5414 Martino
1509 5351 1569 5410 sub
1588 5367 1671 5430 pena
1687 5344 1787 5408 XXX

237 5489 477 5554 sexagenarum
510 5489 682 5550 reponere;
715 5471 792 5532 item
818 5470 843 5530 si
868 5480 901 5530 et
925 5469 956 5528 iu
982 5477 1137 5548 quantum
1170 5467 1240 5542 ipse
1265 5462 1422 5522 Martinus
1447 5457 1627 5538 neglexerit
1661 5455 1786 5517 solvere

239 5576 399 5657 prefatam
424 5597 596 5647 summam,
628 5587 748 5640 extunc
772 5573 951 5638 Stanislaus
977 5573 1097 5654 poterit
1121 5580 1247 5632 tantum
1273 5569 1377 5631 eidem
1403 5566 1543 5628 Martino
1568 5563 1787 5643 persolvere..
