4458 6674
422 717 433 774 I
445 724 484 790 l4
897 713 988 762 ACTA
1009 710 1133 763 IUDICII
1150 709 1287 764 ECCLES.
1308 713 1496 764 PLocENsts

425 805 589 810 --..—-—
596 801 1127 812 --.——-.——----—---—-——-—.--.
1136 806 1216 812 —q—
1266 807 1449 812 ——-......-——
1458 807 1547 812 -—.
1564 807 1572 812 .
1588 807 1663 814 -.-..

636 923 677 986 Α.
706 939 798 1005 1507,
824 924 892 986 Iulii
919 937 945 1004 5,
971 926 1000 984 in
1026 923 1170 988 Zlotoria
1193 927 1225 986 in
1250 927 1336 988 curia
1360 928 1547 1007 episcopali.

528 1043 617 1112 ⁶251.
641 1048 740 1128 (Acta
764 1049 860 1130 episc.
887 1049 944 1128 la).
978 1049 1300 1128 Deposiciones
1332 1052 1508 1112 testium
1541 1071 1639 1132 super
1663 1053 1918 1131 presbitericidio
1942 1056 1973 1114 in

420 1156 450 1216 in
469 1152 628 1217 decanatu
647 1153 876 1234 Czervenensi;
900 1157 1075 1218 examinati
1101 1177 1159 1237 per
1183 1177 1289 1218 vener.
1312 1158 1410 1218 dnum
1435 1156 1585 1218 lacobum
1612 1158 1758 1238 Czyolelr
1783 1161 1972 1222 canonicum

417 1261 623 1326 Plocensem:

526 1369 690 1432 Primus
721 1373 814 1432 testis
843 1371 954 1432 honor.
980 1369 1139 1432 lohannes
1173 1369 1329 1449 plebanus
1361 1373 1391 1432 in
1418 1371 1572 1432 Wrona..
1605 1373 1822 1452 interrogatus
1856 1375 1880 1434 si
1905 1377 1973 1446 scit,

418 1477 579 1538 intellexit
595 1487 651 1538 aut
668 1476 708 1538 ab
722 1477 830 1556 aliquo
847 1477 976 1550 audivit,
995 1478 1161 1557 quomodo
1180 1488 1213 1539 et
1230 1478 1361 1557 quando
1379 1489 1412 1540 et
1430 1479 1473 1538 ob
1491 1498 1586 1559 quam
1601 1499 1731 1540 causam
1748 1489 1784 1541 ct
1802 1499 1859 1558 per
1877 1501 1972 1559 quem

419 1583 461 1644 sit
484 1585 610 1644 occisus
634 1583 792 1645 Martinus
818 1584 985 1664 presbiter,
1019 1584 1186 1664 respondit
1218 1605 1341 1645 senon
1367 1583 1549 1647 interfuisse
1582 1605 1641 1646 nec
1665 1586 1792 1656 vidiSse,
1825 1607 1896 1647 cum
1923 1587 1973 1648 de·

419 1689 528 1751 lictum
555 1689 612 1752 suit
637 1692 859 1766 commissum;
883 1691 1003 1752 audivit
1028 1702 1136 1752 tamen
1163 1711 1205 1752 ex
1222 1689 1307 1752 fama
1332 1693 1458 1753 notoria
1483 1703 1515 1752 et
1540 1694 1640 1752 eciam
1667 1691 1849 1770 specialiter
1873 1693 1973 1753 adno

420 1795 529 1858 Adam
555 1797 802 1879 Radzimynsky
820 1809 961 1876 patrono
985 1799 1102 1868 rustici,
1128 1798 1181 1876 qui
1199 1796 1352 1858 delictum
1370 1799 1541 1867 commisit,
1568 1799 1653 1878 quod
1673 1797 1817 1878 prelatus
1834 1801 1971 1860 rusticus

419 1915 555 1965 vocatur
578 1903 730 1964 Andreas
755 1903 883 1966 Lathlra
908 1905 949 1965 de
966 1901 1220 1985 Boguslavycze‚
1244 1913 1277 1964 et
1302 1906 1371 1984 ipse
1396 1905 1532 1966 rusticus
1559 1905 1643 1966 nulla
1667 1905 1778 1966 habita
1803 1925 1899 1965 cansa
1916 1903 1974 1966 sal-

420 2019 486 2070 tem
511 2011 656 2090 legitima
688 2023 800 2072 contra
825 2011 982 2090 prefatum
1008 2010 1180 2071 Martinum
1215 2011 1428 2089 presbiterum
1462 2021 1592 2072 euntem
1618 2012 1658 2072 de
1683 2011 1806 2092 oppido
1832 2011 1973 2072 Plonslro

420 2135 524 2196 prope
557 2115 661 2178 villam
694 2116 863 2197 Syedlyno
895 2115 973 2178 seria
1005 2117 1048 2178 IIl
1081 2130 1155 2178 ante
1187 2117 1303 2178 festum
1337 2138 1359 2178 s.
1385 2117 1537 2180 Iohannis
1570 2118 1782 2198 presbiterum
1817 2119 1975 2179 violenter

420 2242 491 2282 cum
517 2223 629 2285 lancea
653 2227 770 2286 invasit
795 2236 828 2286 et
851 2225 990 2285 eundem
1016 2225 1076 2286 sub
1101 2223 1250 2285 ascellam
1276 2225 1429 2286 atrociter
1457 2223 1651 2295 vulneravit,
1685 2243 1727 2285 ex
1752 2243 1817 2304 quo
1842 2223 1972 2286 vulnere

420 2327 510 2390 illico'
527 2330 607 2392 obiit
632 2332 833 2391 inconfessus
857 2341 889 2392 et
907 2333 1087 2391 intestatus
1113 2329 1343 2412 Interrogatus,
1369 2331 1393 2392 si
1411 2331 1516 2392 dictus
1541 2330 1702 2410 presbiter
1716 2329 1829 2392 habuit
1853 2333 1972 2410 aliquid

419 2437 451 2498 in
474 2437 569 2499 bonis
600 2448 632 2498 et
658 2440 729 2517 quis
754 2436 804 2498 illa
828 2436 1036 2517 dispensavit,
1069 2439 1246 2517 respondit,
1279 2437 1367 2518 quod
1392 2439 1476 2498 unde
1501 2435 1622 2499 faceret
1651 2447 1882 2499 testamentum
1910 2459 1971 2499 non

419 2543 541 2614 habuit,
566 2546 717 2625 quoniam
744 2564 869 2624 pauper
893 2555 971 2605 erat.
995 2544 1218 2624 Interrogatus
1243 2543 1282 2604 de
1301 2545 1395 2607 bonis
1420 2545 1527 2606 rustici
1552 2545 1729 2626 respondit,
1755 2545 1843 2624 quod
1865 2547 1972 2606 omnia

419 2651 506 2712 bona
529 2653 679 2712 dominus
703 2649 775 2713 ville
800 2650 949 2713 videlicet
975 2651 1083 2711 Adam
1112 2650 1345 2730 Radziminsly
1371 2661 1462 2714 tenet
1486 2651 1545 2712 sub
1566 2653 1714 2712 custodia
1738 2663 1772 2712 et
1796 2655 1973 2714 ascendunt

419 2757 506 2818 bona
538 2757 607 2820 laici
640 2759 839 2837 computatis
870 2759 1005 2838 singulis
1040 2758 1080 2817 ad
1106 2777 1264 2819 summam
1297 2757 1396 2820 XXX
1427 2777 1664 2840 sexagenarum
1697 2759 1776 2818 citra
1808 2759 1858 2819 vel
1883 2759 1973 2828 ultra,

420 2883 550 2925 causam
574 2864 712 2925 sciencie
736 2865 884 2936 reddens,
909 2867 981 2943 quia
1001 2866 1152 2926 rusticum
1179 2866 1269 2926 novit
1294 2875 1327 2926 et
1344 2865 1405 2926 illic
1429 2867 1460 2924 in
1479 2864 1669 2926 Radzimino
1694 2867 1788 2926 testis
1812 2884 1974 2926 commen·

420 2968 493 3031 dam
519 2969 736 3051 parochialem
762 2979 861 3032 tenet.

526 3076 745 3138 Secundus
770 3080 863 3139 testis
886 3077 1067 3138 laboriosus
1091 3077 1249 3138 MartInus
1266 3075 1376 3139 Cusno
1400 3077 1441 3140 de
1460 3077 1533 3138 villa
1554 3075 1855 3139 ProbosczevIcae..
1880 3081 1973 3140 inter·

420 3195 568 3264 rogatus
605 3185 682 3264 quid
706 3185 764 3245 sibi
790 3195 955 3246 constaret
987 3185 1028 3244 de
1053 3185 1194 3245 lllartino
1220 3185 1402 3262 presbitero
1434 3187 1560 3246 noviter
1591 3183 1764 3246 interiecto
1796 3186 1972 3266 respondit.

420 3291 509 3370 quod
532 3290 552 3353 i.
569 3291 611 3352 ΙΙΙ
635 3301 711 3352 ante
736 3289 853 3352 festum
881 3311 905 3351 s.
922 3289 1075 3351 Iohannis
1098 3291 1247 3372 Baptiste
1273 3293 1365 3353 testis
1389 3290 1447 3352 fuit
1472 3301 1606 3373 rogatus
1629 3311 1690 3371 per
1706 3289 1865 3371 prefatum
1892 3294 1973 3354 Mar·

420 3399 522 3460 tinum
547 3399 772 3479 presbiterum,
805 3408 840 3459 ut
864 3418 936 3459 eum
962 3399 1002 3458 ad
1027 3397 1184 3477 oppidum
1212 3397 1352 3459 Plonslro
1385 3398 1582 3460 conduceret
1614 3407 1647 3459 et
1672 3399 1840 3460 reduceret
1865 3401 1895 3460 in
1921 3399 1973 3460 do-

420 3526 517 3578 mum,
541 3517 574 3566 et
598 3525 670 3566 cum
695 3507 789 3566 testis
813 3507 954 3584 peractis
979 3515 1012 3564 et
1037 3505 1228 3584 compositis
1253 3504 1348 3566 rebus
1373 3507 1438 3566 suis
1462 3507 1494 3566 in
1519 3504 1590 3567 loro
1615 3525 1686 3565 cnm
1714 3507 1895 3584 presbitero
1920 3507 1974 3567 do·

420 3632 507 3673 mum
531 3621 741 3684 remeassent,
766 3624 887 3672 extunc
910 3611 1041 3692 andam
1061 3609 1212 3672 Andreas
1238 3609 1367 3672 Lathlra
1391 3611 1491 3673 homo
1509 3612 1686 3673 sceleratus
1702 3611 1742 3673 de
1760 3613 1884 3694 oppIdo
1901 3633 1973 3674 cum

420 3717 531 3780 lancea
556 3727 589 3780 et
604 3716 713 3800 gladio
738 3729 856 3780 testem
881 3729 913 3780 et
936 3719 1039 3798 ipsum
1066 3719 1278 3797 presbiterum
1305 3717 1362 3780 suit
1387 3719 1585 3799 insequutus
1610 3729 1643 3780 et
1660 3729 1835 3799 postquam
1859 3741 1974 3800 appro

420 3827 609 3906 pinquasset
640 3825 680 3885 ad
705 3845 830 3886 currum
856 3825 959 3898 testis,
991 3827 1022 3884 in
1047 3845 1112 3904 quo
1137 3826 1297 3904 presbiter
1328 3825 1421 3888 simul
1445 3826 1602 3896 consedit,
1634 3825 1846 3905 proclamavit
1871 3825 1973 3887 dictus

421 3931 608 4003 sceleratus,
641 3931 727 4012 quod
753 3951 824 3992 cum
851 3941 936 3993 teste
962 3930 1056 3992 nichil
1080 3931 1177 3993 vellet
1202 3930 1315 4007 lacere,
1341 3933 1499 3994 duntaxat
1523 3951 1595 3992 cum
1622 3932 1816 4012 presbitero;
1841 3932 1973 3994 descen·

420 4037 517 4100 dente
542 4040 650 4118 itaque
675 4038 857 4116 presbitero
882 4038 1033 4099 decurro
1059 4048 1092 4100 et
1109 4059 1143 4099 se
1161 4041 1241 4099 tueri
1266 4038 1408 4111 volente,
1432 4049 1553 4100 extunc
1577 4039 1647 4119 ipse
1673 4040 1850 4100 sceleratus
1874 4039 1973 4100 homo

420 4143 531 4205 lancea
555 4145 660 4224 ipsum
687 4145 874 4217 vulneravit,
906 4165 949 4206 ex
974 4165 1039 4225 quo
1064 4143 1196 4207 vulnere
1224 4147 1265 4206 ad
1290 4157 1408 4207 terram
1434 4145 1490 4206 luit
1515 4156 1697 4225 prostratus
1729 4156 1762 4208 et
1786 4145 1868 4208 illico
1893 4167 1974 4208 mor·

421 4261 494 4313 tuus
519 4251 727 4314 inconfessus
765 4251 997 4332 Interrogatus
1029 4253 1053 4312 si
1079 4253 1148 4326 scit,
1180 4272 1219 4312 an
1244 4251 1393 4314 habuerit
1417 4253 1523 4332 aliqua
1547 4251 1642 4324 bona,
1674 4253 1767 4320 dixit.
1793 4253 1974 4332 quoderat

420 4378 545 4439 pauper
576 4358 737 4438 presbiter
768 4369 800 4420 ct
825 4358 1040 4432 defectuosus
1072 4357 1171 4419 laicus
1194 4380 1273 4420 vero
1304 4357 1454 4422 videlicet
1487 4359 1592 4420 dictus
1618 4357 1860 4437 presbitericida
1884 4361 1975 4422 dives

422 4475 455 4526 et
479 4467 569 4526 novit
594 4467 688 4526 testis
712 4465 796 4526 bene
821 4485 994 4546 personam
1019 4465 1101 4526 illius
1127 4477 1160 4528 et
1184 4475 1314 4528 constat
1338 4466 1398 4528 sibi
1423 4467 1464 4527 de
1488 4466 1583 4528 bonis
1607 4466 1704 4528 suis..

633 4657 674 4718 A.
704 4672 795 4738 1507,
819 4657 886 4718 Iulii
911 4673 962 4729 22,
987 4661 1018 4720 in
1042 4657 1211 4720 Poltowsk
1234 4660 1265 4718 in
1290 4662 1377 4720 curia
1400 4658 1587 4740 episcopali.

527 4779 617 4847 252.
641 4782 740 4862 (Acta
764 4783 861 4862 episc.
887 4783 967 4860 Vll).
1006 4783 1041 4844 In
1065 4803 1163 4844 causa
1195 4786 1276 4865 mgri
1302 4783 1409 4846 lacobi
1440 4785 1482 4846 de
1507 4783 1628 4844 Brzoze
1661 4783 1843 4844 consistorii
1868 4783 1974 4844 Polto-

420 4889 538 4951 viensis
555 4909 722 4950 causarum
744 4891 963 4968 procuratoris
981 4899 1094 4951 contra
1110 4890 1283 4952 honestum
1301 4889 1449 4952 Zuchora
1473 4891 1702 4972 proconsulem
1724 4889 1973 4956 Poltoviensem.

421 4995 558 5058 Iacobus
582 4997 622 5058 de
646 4995 766 5057 Brzoze
790 4995 968 5076 prelatus..
993 4997 1094 5057 verbo
1119 4997 1298 5075 proposuit,
1323 4997 1410 5078 quod
1436 4997 1583 5078 quamvis
1608 4996 1753 5077 prelatus
1778 4996 1913 5058 lacobus
1933 4997 1973 5057 ab

420 5103 519 5175 annis,
545 5103 660 5182 quibus
684 5104 725 5165 ad
746 5103 980 5164 discrecionem
1007 5105 1162 5182 pervenit,
1187 5105 1228 5164 sit
1253 5103 1412 5164 bonorum
1439 5105 1576 5164 nominIs
1601 5115 1633 5165 et
1657 5101 1754 5176 same,
1777 5104 1974 5164 condiclonis

420 5221 453 5272 et
477 5211 737 5272 conversacionis
760 5210 900 5271 honeste
933 5211 963 5270 In
988 5209 1171 5271 diocesihns
1195 5209 1454 5271 Wladislaviensi
1486 5221 1518 5270 et
1543 5207 1689 5270 Plocensi
1722 5211 1804 5272 inter
1826 5208 1974 5270 homines

419 5327 525 5378 status
550 5319 716 5396 utriusque
740 5315 914 5397 spiritualis
938 5327 971 5378 et
988 5314 1141 5377 secularis
1165 5317 1248 5378 bene
1266 5328 1300 5379 et
1316 5315 1516 5378 laudabiliter
1540 5317 1708 5398 presertim
1730 5317 1761 5377 in
1780 5317 1974 5378 consistorio

420 5405 682 5484 Wladisla'viensi
708 5422 816 5484 multis
841 5423 932 5484 annIs
957 5424 1103 5484 existens
1128 5423 1272 5485 notarius
1296 5433 1517 5495 conservatus
1551 5433 1649 5503 prout
1675 5443 1733 5504 pro
1757 5423 1813 5484 tali
1837 5421 1974 5495 habitus

420 5540 531 5590 tentus
549 5539 582 5592 et
599 5529 791 5591 observatus
816 5539 848 5592 et
866 5529 994 5591 hodie..
1021 5539 1151 5592 tenetur
1167 5540 1199 5592 et
1216 5529 1421 5607 observatur;
1444 5515 1671 5591 'nichilominus
1695 5541 1806 5592 tamen
1831 5527 1974 5608 prefatus

420 5635 599 5697 Zuchora..
624 5636 806 5699 honestatis
830 5636 938 5698 Iacobi
963 5637 1080 5716 prelati
1105 5649 1138 5698 et
1156 5657 1212 5698 sue
1230 5639 1402 5699 Immemor
1418 5657 1503 5696 anno
1522 5640 1663 5716 presenti
1682 5655 1792 5698 mense
1810 5637 1860 5698 die
1878 5637 1974 5698 certis

420 5742 548 5826 publice
580 5755 655 5806 ante
679 5746 810 5806 domum
836 5764 927 5807 suam
952 5763 1061 5806 coram
1087 5745 1235 5823 personis
1265 5763 1364 5805 sexus
1389 5746 1556 5824 utriusque
1580 5763 1661 5805 voce
1685 5761 1845 5806 sonorosa
1868 5744 1974 5824 ipsum
