4392 6672
410 655 450 719 72
889 640 983 690 ACTA
1004 641 1125 692 lUDICi]
1144 640 1282 694 ECCLES.
1302 642 1490 692 PLOf'ENSlS

413 731 800 738 ..-..-—---—-—--.--·--—-.----
810 733 826 738 .-
913 733 1019 740 ——---—-
1126 735 1245 741 --m-—
1265 737 1461 742 ---——.

411 852 514 933 prime
537 851 712 925 citacionis,
746 863 778 914 ut
802 853 999 922 continebat,
1032 855 1160 914 racione
1192 873 1256 914 non
1282 857 1590 935 expedicionis
1623 857 1781 919 bellice
1814 878 1964 920 versus

411 958 672 1020 Moldaviam
701 961 847 1022 institute
871 961 1084 1035 adiudicaret;
1108 973 1229 1022 extunc
1256 961 1373 1023 nobilis
1398 962 1524 1024 lielena
1548 985 1620 1024 curn
1647 963 1789 1026 Iohanne
1814 967 1965 1046 privigno

411 1085 586 1144 persuum
612 1077 857 1146 procuratorem
890 1067 1009 1128 ibidem
1041 1070 1253 1130 constitutum
1287 1069 1370 1131 dixit
1403 1071 1537 1149 primam
1563 1073 1755 1132 citacionem
1788 1073 1828 1134 ad
1853 1092 1963 1134 eorum

411 1173 563 1234 noticiam
590 1193 652 1234 non
672 1175 866 1252 pervenisse,
891 1174 1067 1237 secundam
1093 1177 1284 1236 citacionem
1310 1179 1340 1236 in
1366 1179 1490 1256 pariete
1516 1176 1666 1238 laboriosi
1692 1175 1844 1239 Stanislai
1869 1179 1964 1243 advo-

411 1281 476 1340 cati
492 1281 522 1340 in
541 1278 739 1360 Comunyno
758 1284 912 1359 positam;
938 1292 1064 1361 etpost
1082 1284 1207 1343 termini
1225 1281 1490 1362 designacionem
1509 1305 1568 1364 per
1585 1285 1678 1346 liliam
1697 1284 1847 1346 aduncati
1866 1287 1966 1366 ipsius

412 1385 538 1449 Helene
574 1395 607 1448 et
638 1388 771 1449 Iohanni
804 1388 934 1450 allatam
968 1388 1073 1462 fuisse,
1106 1401 1138 1450 et
1164 1391 1236 1468 quia
1269 1391 1524 1451 extradicionem
1557 1392 1739 1454 huiusmodi
1770 1393 1963 1454 citacionum

413 1493 556 1572 prefatus
588 1493 704 1555 nobilis
736 1494 872 1557 lacobus
897 1495 1030 1574 Czaylea
1060 1516 1170 1556 coram
1196 1496 1282 1558 ano
1305 1497 1372 1557 dno
1405 1517 1470 1558 non
1496 1497 1670 1560 verificavit
1701 1520 1758 1578 per
1783 1519 1965 1578 preconem,

413 1610 587 1681 propterea
614 1601 689 1663 dicti
715 1600 842 1662 Helena
866 1615 899 1664 et
923 1603 1084 1664 Iohannes
1108 1623 1166 1682 per
1190 1623 1283 1664 suum
1309 1615 1553 1684 procuratorem
1579 1604 1758 1685 predictum
1784 1609 1966 1668 astaciones

413 1706 594 1768 huiusmodi
619 1709 829 1768 terminorum
855 1709 957 1770 nullas
983 1711 1186 1789 pronunciari
1211 1730 1249 1769 ac
1273 1711 1407 1772 eosdem
1432 1711 1608 1772 secundum
1634 1713 1799 1773 decretum
1827 1713 1964 1792 priorem

414 1814 487 1876 Rmi
513 1815 567 1874 dni
585 1813 743 1895 Episcopi,
766 1815 880 1896 prefati
906 1827 940 1876 et
957 1818 1093 1878 dnorurn
1121 1817 1250 1898 palatini
1276 1829 1525 1897 ceterorumque
1549 1819 1797 1880 castellanorum
1823 1821 1852 1880 in
1878 1839 1966 1880 con-

414 1923 629 1982 vencione
654 1921 857 1983 Plonensi
883 1922 962 1984 feria
985 1923 1039 1984 V²²
1054 1935 1130 1985 ante
1156 1923 1272 1986 festum
1307 1943 1330 1984 s,
1357 1923 1422 1984 Viti
1447 1923 1609 1987 celebrata
1635 1925 1830 1988 satisfecisse
1855 1926 1966 1988 bellice

414 2027 618 2106 expedicioni
653 2030 856 2106 pronunciari
888 2041 922 2090 et
945 2032 987 2090 ab
1010 2032 1167 2092 instancia
1203 2031 1394 2092 confirmato
1427 2031 1560 2093 decreto
1592 2031 1717 2094 absolvi
1750 2029 1967 2116 [petiveruntl.

417 2135 456 2196 lit
474 2135 577 2196 Rmus
599 2134 681 2196 dnus
705 2135 889 2216 Episcopus
913 2139 1154 2200 commissarius
1187 2139 1331 2216 prelatus
1362 2137 1403 2198 ad
1427 2139 1600 2199 instantem
1630 2143 1825 2219 peticionem
1852 2139 1966 2220 prefati

414 2241 531 2303 nobilis
555 2241 664 2304 lacobl
690 2242 821 2322 Czaylra
838 2264 967 2305 causam
993 2246 1097 2324 ipsam
1121 2265 1187 2306 aron
1203 2243 1391 2306 diffiniendo
1416 2265 1487 2306 cum
1506 2247 1717 2307 citacionibus
1742 2259 1775 2307 et
1790 2246 1968 2324 diligenciis

415 2369 448 2410 re
464 2351 591 2429 integra
607 2359 715 2411 stante
732 2349 773 2410 ad
793 2350 828 2410 R.
843 2349 945 2412 Mtem
963 2351 1165 2412 iudicandam
1184 2353 1313 2412 remisit.
1339 2352 1581 2414 Presenribus..
1607 2353 1768 2414 nobilibus
1795 2352 1967 2430 Damyano

414 2456 456 2517 de
476 2456 675 2538 Nyesdzyno
700 2457 874 2528 subiudice‚
899 2457 1064 2520 Stanislao
1086 2461 1126 2520 de
1143 2457 1325 2521 Szawlowo
1350 2461 1656 2520 vicesuccamerario
1672 2459 1968 2541 Vyschegradyen·

415 2563 503 2626 sibus
513 2613 535 2624 ..
549 2565 577 2640 1).

630 2755 671 2819 A.
702 2775 792 2836 1499,
817 2757 1013 2820 Novembris
1036 2757 1064 2828 6.
1091 2761 1121 2819 in
1146 2758 1312 2822 Poltowsle
1337 2719 1479 2820 incuria
1503 2759 1690 2840 episcopali.

528 2878 612 2946 183.
637 2882 736 2962 (Acta
759 2884 857 2961 episc.
884 2882 990 2962 Vin..
1023 2881 1142 2944 Coram
1169 2883 1254 2944 Rmo
1278 2885 1343 2944 dno
1367 2897 1427 2946 etc.
1451 2886 1617 2946 constituti
1643 2885 1857 2963 personaliter
1883 2885 1968 2944 labo

416 2990 492 3049 riosi
517 2988 678 3050 lohannes
703 2987 861 3052 Ostrosch
894 3002 926 3051 et
951 2991 1080 3051 Marcus
1112 2989 1218 3052 etalii
1252 2993 1406 3073 oppidani
1439 2993 1480 3052 de
1505 2989 1631 3071 Sgyern
1663 2993 1828 3070 ceterique
1861 2993 1966 3051 villani

416 3096 505 3157 dicto
529 3097 654 3176 oppido
687 3097 908 3157 adiacencium
940 3095 1086 3158 villarum
1119 3098 1147 3157 in
1183 3100 1350 3178 presencia
1382 3099 1494 3159 honor.
1519 3100 1573 3158 dni
1599 3097 1724 3159 Nicolai
1756 3097 1969 3160 Strorzewslri

417 3203 517 3264 curati
551 3203 580 3262 in
605 3203 754 3264 Barczice
792 3205 1075 3284 procuratorisque
1112 3225 1211 3266 vener
1243 3207 1298 3266 dni
1329 3205 1453 3266 Nicolai
1489 3207 1646 3287 prepositi
1680 3204 1969 3267 sanctimonialium

417 3309 447 3370 b.
464 3308 566 3371 Marie
591 3309 787 3390 Magdalene
811 3321 906 3371 extra
923 3331 1033 3372 muros
1057 3311 1232 3373 Plocenses
1256 3329 1478 3392 exposuerunt
1503 3314 1682 3393 allegando,
1708 3313 1875 3392 quomodo
1899 3313 1971 3390 ipse

418 3415 579 3478 lohannes
604 3414 764 3479 Ostrosch
788 3417 829 3477 de
855 3413 1065 3489 Orzechow0,
1097 3418 1234 3480 condam
1261 3418 1396 3480 kmetho
1430 3419 1543 3498 prefati
1577 3421 1631 3479 dni
1656 3421 1823 3498 prepositi,
1855 3421 1972 3480 missus

418 3523 517 3584 libere
551 3524 591 3583 ad
624 3526 813 3586 cautionem
846 3523 1075 3586 fideiussoriam
1101 3527 1190 3586 iuxta
1222 3527 1577 3587 consuetudinem
1611 3535 1735 3598 terre,
1772 3523 1971 3586 satisfaciens

417 3651 506 3712 agro,
532 3650 627 3712 quem
653 3631 852 3711 possidebat,
876 3651 914 3692 ac
939 3631 1018 3692 liber
1042 3633 1187 3694 existens
1212 3633 1296 3693 bona
1322 3653 1376 3693 sua
1403 3633 1443 3693 de
1469 3631 1671 3692 Orzechowo
1694 3633 1725 3692 in
1752 3629 1875 3710 Sgyerz
1899 3651 1970 3692 cum

418 3738 593 3818 oppidanis
625 3739 738 3818 oppidi
771 3735 895 3820 Sgyerz
927 3749 960 3800 et
985 3737 1109 3800 villanis
1133 3737 1277 3799 villarum
1310 3740 1529 3799 adiacencium
1562 3741 1638 3800 dicti
1664 3739 1783 3818 oppidi,
1818 3737 1971 3800 mandato

419 3845 472 3905 dni
498 3843 644 3922 Cleophe
669 3843 709 3906 ad
734 3844 765 3905 id
791 3846 977 3920 accedente,
1002 3847 1126 3925 recepit
1150 3855 1183 3907 et
1206 3847 1363 3908 conduxit
1390 3847 1496 3908 libere.
1533 3844 1651 3907 Vener.
1678 3847 1760 3907 dnus
1787 3849 1971 3924 prepositus

419 3953 519 4012 tacita
544 3953 680 4013 veritate
705 3952 744 4012 de
763 3953 928 4030 premissis
952 3964 985 4012 et
1010 3973 1192 4032 suggerens
1216 3955 1321 4013 minus
1346 3955 1428 4013 iuste
1454 3951 1598 4033 prefatos
1623 3953 1805 4034 oppidanos
1830 3961 1862 4013 et
1888 3949 1971 4012 villa·

419 4079 480 4120 nos
503 4060 567 4119 vim
601 4059 630 4120 in
657 4059 751 4119 bonis
776 4055 966 4120 Orzechovo
991 4056 1136 4121 intulisse
1168 4070 1201 4120 et
1225 4061 1345 4120 dictum
1379 4059 1556 4120 Iohannem
1589 4057 1748 4120 Ostrosch
1780 4077 1853 4118 cum
1879 4059 1972 4118 bonis

419 4167 488 4227 eius
512 4176 679 4246 receptum
712 4177 746 4227 et
778 4178 905 4246 raptum
938 4165 1036 4227 fuisse
1072 4177 1105 4227 et
1130 4177 1265 4247 propter
1296 4167 1326 4226 id
1359 4185 1532 4247 processus
1563 4169 1915 4227 excommunicacionis
1939 4175 1972 4226 et

421 4272 579 4334 interdicti
617 4275 807 4354 surreptieie
846 4284 960 4336 contra
996 4274 1142 4356 prefatos
1177 4272 1393 4335 conductores
1429 4275 1587 4334 bonorum
1625 4271 1778 4333 Iohannis
1813 4269 1971 4333 Ostrosch

420 4399 439 4440 a
463 4381 595 4442 domino
620 4383 799 4459 optinuisse
824 4392 857 4442 et
881 4384 911 4442 in
937 4382 1000 4442 vim
1026 4402 1137 4442 eorum
1163 4383 1295 4442 eosdem
1322 4381 1623 4442 excommunicatos
1647 4381 1830 4440 declaratos
1855 4380 1972 4438 denun-

420 4489 504 4549 ciare
530 4489 761 4567 procuravisse.
787 4507 826 4550 eo
852 4508 915 4550 non
941 4499 1080 4559 attento,
1112 4487 1200 4568 quod
1227 4487 1372 4566 prefatus
1395 4487 1499 4548 ordini
1524 4499 1557 4548 et
1580 4487 1805 4548 consuetudini
1829 4485 1971 4546 terrestri

421 4594 633 4658 satisfecisset
657 4615 845 4675 agrumque,
870 4597 984 4674 inquo
1001 4596 1154 4656 manebat
1179 4604 1212 4656 et
1237 4614 1333 4675 quem
1359 4595 1498 4668 colebat,
1522 4593 1762 4672 superlocasset
1787 4593 1865 4652 alias
1881 4613 1971 4652 aasa-

421 4701 504 4782 dest,
528 4703 780 4783 petiveruntque
805 4703 924 4764 Rmum
950 4702 1125 4776 dominum,
1150 4704 1303 4782 quatinus
1327 4722 1370 4761 ex
1387 4703 1492 4762 causis
1518 4701 1670 4779 predictis
1694 4700 1827 4762 eosdem
1845 4699 1885 4760 ad
1903 4717 1972 4760 eau-

420 4809 519 4872 telam
544 4809 622 4871 alias
646 4810 688 4871 ad
712 4829 842 4870 causam
868 4809 1041 4871 absolvent
1064 4809 1269 4888 allegataque
1293 4809 1467 4868 admittent
1493 4809 1639 4888 probare.
1665 4806 1707 4867 Et
1725 4807 1907 4868 dominus..
1932 4806 1972 4866 ad

421 4916 626 4997 probandum
651 4917 790 4984 admisit,
815 4917 949 4978 eosdem
974 4917 1016 4977 ad
1040 4914 1235 4977 cautelam..
1261 4915 1400 4976 absolvit
1426 4925 1458 4976 et
1484 4935 1658 4993 processus
1682 4915 1857 4974 decrevit..

532 5019 619 5088 184.
644 5023 821 5105 (Ibidem)..
847 5023 981 5085 Rmus..
1007 5025 1089 5086 dnus
1114 5021 1311 5084 Vincencius
1336 5021 1374 5083 D.
1392 5043 1422 5102 g.
1448 5019 1632 5100 Episcopus
1658 5021 1822 5082 Plocensis
1846 5019 1885 5080 ad
1905 5039 1973 5100 pre-

422 5152 477 5194 ces
500 5131 747 5212 magnisrcorum
780 5131 917 5192 dnorum
943 5129 1139 5211 Ninognevy
1172 5131 1213 5191 de
1238 5130 1348 5192 Crisco
1374 5127 1504 5209 palatini
1540 5127 1702 5188 Plocensis
1735 5137 1768 5187 et
1792 5121 1907 5188 Zavisii
1933 5127 1974 5186 de

422 5239 629 5304 Conradzecz
653 5238 798 5299 similiter
814 5239 981 5301 castellani
998 5237 1170 5309 Plocensis,
1199 5236 1349 5298 iohannis
1367 5237 1408 5297 de
1426 5235 1615 5315 Zamyenye
1634 5233 1814 5306 Cernensis‚
1841 5232 1973 5293 Andree
1994 5215 1998 5228 ¹

421 5349 463 5434 de
489 5346 734 5425 Radzeyevicze
759 5342 1054 5414 Sochaczoviensis,
1089 5343 1212 5406 Nicolai
1241 5343 1282 5406 de
1306 5341 1409 5405 Obori
1434 5341 1752 5422 Czyechonoviensis
1782 5353 1815 5402 et
1839 5338 1971 5400 aliorum

423 5453 620 5535 prelatorum
656 5453 867 5532 spiritualium
904 5465 937 5514 et
969 5453 1159 5513 secularium
1195 5451 1439 5530 dignitariorum
1476 5453 1692 5510 interventum
1729 5447 1842 5508 honor.
1875 5445 1972 5514 dnum

424 5561 576 5622 Iacobum
610 5560 650 5620 de
676 5559 867 5620 Radzimino
900 5559 1071 5638 plebanum
1106 5579 1276 5620 ecarcere
1309 5557 1502 5617 mittendum
1536 5555 1689 5622 decrevit,
1721 5555 1773 5632 qui
1800 5573 1858 5634 per
1883 5571 1972 5614 suam

532 5701 549 5766 ¹)
570 5703 696 5767 Niniejszy
715 5704 757 5750 elit
778 5703 894 5767 znajduje
913 5705 950 5766 sie
970 5719 1001 5750 na
1021 5703 1101 5766 lufnej
1121 5703 1208 5750 kartce
1228 5699 1419 5763 zamieszcaouej
1441 5687 1461 5746 lr
1481 5697 1581 5761 lsiedze
1601 5696 1687 5759 sqddw
1708 5693 1849 5759 bislruplch.
