4458 6674
426 711 487 764 122
905 702 998 753 ACTA
1016 701 1139 754 IUDlCll
1158 703 1295 755 seems.
1316 700 1501 755 PLOOENsls

423 913 503 994 Quis
526 915 578 978 hic
604 936 668 976 non
693 917 786 990 iacet,
818 937 882 976 non
907 917 1036 978 dormit.
1069 915 1196 978 Locato
1220 917 1350 980 dicente
1375 928 1409 980 et
1433 917 1607 998 allegante:
1638 919 1755 981 Pocius
1778 931 1810 980 et
1835 922 1977 982 securius

422 1035 472 1085 est
497 1023 593 1084 michi
617 1023 668 1084 hic
692 1025 842 1096 dormire,
875 1024 950 1103 quia
974 1024 1104 1104 hospita
1136 1033 1186 1086 est
1210 1025 1306 1085 michi
1330 1045 1429 1086 soror.
1454 1025 1616 1087 lohannes
1648 1030 1851 1108 respondens
1884 1028 1982 1088 dixit:

422 1127 472 1190 Tu
499 1132 650 1204 mentiris,
675 1131 761 1210 quod
787 1141 820 1192 tu
837 1129 888 1191 hic
906 1133 949 1192 sis
965 1129 1100 1210 hospes余
1124 1141 1157 1192 et
1182 1131 1299 1192 ibidem
1325 1133 1426 1193 voluit
1451 1133 1588 1194 eundem
1615 1133 1756 1196 locatum
1784 1145 1976 1216 percuttere,

423 1237 482 1298 sed
505 1236 623 1298 Paulus
647 1257 719 1298 eum
746 1239 889 1316 protexit
914 1237 1079 1311 serratico余
1102 1246 1179 1298 tunc
1203 1239 1296 1300 testis
1320 1239 1454 1317 arripuit
1478 1239 1655 1300 Iohannem
1685 1253 1717 1302 et
1742 1243 1771 1301 in
1797 1242 1847 1302 illa
1872 1261 1977 1319 arrep-

423 1343 516 1406 cione
540 1342 656 1406 Paulus
680 1343 857 1405 Iohannem
883 1345 1099 1424 presbiterum
1125 1346 1284 1424 percussit
1309 1343 1424 1406 baculo
1455 1347 1485 1406 in
1511 1366 1640 1408 manum
1672 1357 1704 1408 et
1728 1351 1845 1409 iterare
1869 1349 1978 1421 voluit,

423 1451 481 1512 sed
505 1454 599 1513 testis
630 1471 704 1512 eum
737 1471 802 1512 non
826 1451 986 1530 permisit余
1022 1452 1125 1513 nescit
1157 1453 1257 1520 testis,
1290 1471 1330 1511 an
1355 1451 1524 1514 consessus
1548 1465 1611 1528 est余
1646 1454 1796 1522 deludo,
1828 1475 1868 1515 an
1893 1455 1977 1515 solet

423 1557 585 1620 lohannes
609 1556 727 1626 ludere,
752 1559 834 1620 dixit
850 1579 885 1620 se
903 1559 1085 1628 nescivisse,
1109 1577 1169 1618 nec
1192 1579 1266 1619 eum
1290 1558 1464 1639 aliquando
1488 1561 1547 1622 nisi
1573 1570 1711 1640 protunc
1737 1561 1845 1622 videre
1870 1561 1977 1622 luden-

423 1675 489 1726 tem
515 1664 643 1744 aliquid.
668 1663 751 1726 Item
776 1677 932 1745 quantum
957 1665 997 1726 ad
1016 1667 1101 1726 rixas
1125 1675 1158 1726 et
1182 1667 1415 1728 contenciones
1438 1667 1470 1726 in
1487 1667 1632 1728 tabernis
1656 1665 1738 1728 dixit
1763 1669 1864 1739 testis,
1890 1667 1977 1748 quod

423 1773 608 1851 aliquand0,
633 1772 692 1834 sed
716 1773 820 1834 solum
846 1773 960 1834 verbis.

636 1963 677 2024 A.
707 1966 798 2043 1508,
822 1962 989 2025 Februarii
1020 1963 1064 2034 16,
1089 1963 1120 2024 111
1144 1964 1231 2024 curia
1255 1963 1441 2045 episcopali.

531 2085 620 2154 265.
646 2089 743 2171 (Acta
767 2090 864 2168 episc.
889 2089 948 2168 la).
981 2087 1138 2150 Testes
1164 2109 1223 2168 pro
1248 2099 1340 2170 parte
1364 2090 1480 2151 nobilis
1505 2088 1592 2150 Pauli
1617 2087 1830 2170 Sczavynslry
1854 2092 1975 2153 inducti

424 2207 457 2259 et
481 2199 671 2260 examinati:

531 2303 694 2366 Primus
718 2304 811 2365 testis
828 2300 1007 2363 laboriosus
1025 2301 1165 2362 Illathias
1182 2301 1222 2361 de
1240 2298 1412 2381 Sczavyno
1423 2351 1445 2362 ..
1471 2305 1699 2383 interrogatus,
1720 2305 1745 2363 si
1763 2302 1978 2386 Sozavynsky

423 2419 515 2473 tenet
538 2412 677 2490 aliquam
702 2410 902 2472 Dorotheam
928 2409 1065 2487 Kyczka
1090 2407 1137 2488 (s),
1169 2410 1280 2477 nescit,
1313 2411 1387 2487 quia
1410 2409 1567 2470 inducens
1595 2409 1807 2490 Sczavynsky
1839 2411 1880 2472 nil
1908 2411 1978 2490 plus

425 2529 515 2580 tenet
532 2520 562 2578 in
580 2518 759 2598 Sczavyno
785 2515 887 2577 solum
906 2515 932 2576 ll
950 2515 1049 2576 laicos
1067 2515 1146 2575 alias
1164 2514 1311 2584 famulos,
1336 2517 1392 2577 sed
1411 2519 1439 2576 in
1458 2516 1626 2597 l'sczolhy,
1651 2520 1754 2579 nescit
1771 2520 1847 2598 quid
1864 2520 1978 2598 agitur,

424 2627 499 2704 quia
521 2625 639 2686 ibidem
666 2624 792 2686 solebat
818 2643 949 2684 manere
982 2643 1053 2683 cum
1079 2643 1181 2683 uxore
1213 2623 1314 2684 etsie
1340 2623 1454 2696 nescit,
1479 2625 1505 2684 si
1530 2624 1654 2702 aliquas
1678 2627 1807 2686 iniurias
1832 2624 1977 2705 prelatus

424 2729 637 2812 Sczavynsley
662 2730 783 2792 laceret
800 2751 856 2791 sue
874 2731 967 2790 uxori
994 2728 1161 2789 Dorothee
1179 2726 1406 2807 Struszynska.
1432 2730 1663 2812 Interrogatus,
1688 2735 1714 2792 si
1731 2732 1789 2794 luit
1805 2731 1978 2812 aliquando

425 2837 637 2918 Scaavynsky
669 2857 740 2898 cum
768 2857 868 2899 uxore
901 2839 931 2896 in
956 2833 1137 2916 Sczavyno,
1168 2837 1262 2905 dixit,
1296 2837 1382 2916 quod
1415 2836 1486 2908 suit,
1519 2839 1577 2898 sed
1603 2849 1720 2917 postea
1753 2839 1811 2900 sibi
1845 2836 1977 2917 aufugit,

424 2946 536 3008 dicens
559 2933 698 3015 causam,
723 2945 811 3024 quod
837 2951 972 3024 propter
995 2942 1067 3014 hoc,
1092 2943 1167 3022 quia
1191 2944 1331 3004 insuam
1356 2943 1571 3005 hereditatem
1594 2955 1627 3006 et
1649 2965 1714 3004 non
1732 2957 1867 3026 propter
1882 2945 1978 3006 aliud.

425 3053 620 3114 informatus
647 3054 740 3114 testis
766 3073 823 3131 per
847 3052 1053 3120 inducentem
1079 3051 1132 3120 sic,
1166 3050 1253 3130 quod
1279 3053 1422 3130 pretensi
1451 3061 1554 3113 testes
1578 3063 1652 3113 sunt
1677 3051 1836 3114 falsissimi
1862 3073 1905 3114 ex
1929 3072 1977 3124 e0,

425 3162 500 3242 quia
516 3180 576 3222 nec
593 3161 724 3221 domum
748 3179 854 3220 meam
876 3160 989 3228 sciunt,
1014 3177 1074 3218 nec
1091 3157 1264 3237 aliquando
1286 3157 1420 3226 fuerunt,
1445 3159 1607 3238 deposuit,
1626 3159 1715 3237 quod
1737 3159 1977 3221 exactissimam

424 3268 628 3348 diligenciam
653 3265 736 3336 lacit,
767 3275 801 3326 ut
825 3285 908 3326 uxor
932 3265 991 3326 sibi
1016 3277 1231 3332 commaneat,
1262 3267 1320 3326 sed
1337 3267 1418 3328 dixit
1438 3265 1524 3345 quod
1543 3266 1674 3346 quidam
1701 3264 1871 3345 Goloczlry
1896 3268 1979 3328 inter

425 3395 481 3435 eos
506 3373 581 3436 facit
605 3373 781 3434 discordias
812 3383 947 3452 propter
978 3371 1170 3431 hereditaria
1204 3371 1297 3444 bona,
1332 3381 1365 3434 et
1389 3371 1470 3433 filius
1503 3371 1618 3452 prefati
1650 3371 1820 3452 Goloczhy
1850 3392 1978 3452 percus-

424 3493 510 3542 serat
535 3479 756 3561 Sczawynslry
785 3479 952 3558 expellens
976 3478 1114 3539 eundem
1144 3475 1357 3558 Sczavynsky
1381 3477 1421 3539 de
1447 3480 1541 3540 bonis
1565 3479 1691 3558 pretate
1720 3480 1830 3542 uxoris
1854 3499 1920 3554 sue,
1945 3491 1978 3540 et

425 3589 527 3649 eciam
552 3589 713 3668 deposuit,
739 3587 825 3666 quod
851 3603 884 3648 et
909 3586 1052 3667 pecudes
1076 3585 1134 3646 sibi
1162 3587 1288 3664 accepit
1313 3585 1458 3665 prelatus
1483 3584 1688 3666 Goloczlry..

638 3779 679 3840 A.
710 3778 800 3858 1508,
825 3777 991 3840 Februarii
1017 3795 1068 3850 21,
1091 3781 1121 3838 in
1146 3781 1234 3840 curia
1257 3778 1441 3860 episcopali.

532 3899 622 3968 266.
646 3902 745 3984 (Acta
761 3905 858 3984 episc.
883 3902 941 3978 la).
966 3902 1123 3964 Testes
1148 3925 1207 3984 pro
1226 3914 1317 3984 parte
1335 3905 1452 3966 nobilis
1468 3903 1557 3966 Pauli
1575 3901 1796 3985 Sczawynsky
1815 3915 1847 3966 et
1864 3917 1979 3966 contra

426 4011 566 4072 nobilem
592 4009 793 4072 Dorotheam
818 4009 1035 4090 Struszynska
1060 4031 1194 4072 uxorem
1219 4031 1344 4074 suam..
1370 4012 1524 4073 inducti..
1549 4021 1582 4072 et
1607 4013 1794 4072 examinati:

534 4117 695 4180 Primus
720 4119 813 4180 testis
834 4118 949 4179 nobilis
971 4115 1150 4180 Stanislaus
1172 4117 1377 4199 Cosczyesza
1399 4120 1439 4180 de
1457 4117 1625 4198 Lyczky..
1650 4119 1877 4198 interrogatus,
1902 4119 1978 4198 quid

425 4224 483 4286 sibi
508 4235 673 4286 constaret
698 4225 738 4286 de
763 4225 1010 4288 cohabitacione
1039 4227 1127 4288 Pauli
1157 4225 1370 4308 Sczavynslry
1398 4245 1470 4286 cum
1501 4245 1602 4286 uxore
1631 4235 1744 4286 suaet
1769 4235 1875 4286 utrum
1905 4245 1976 4287 eam

425 4331 602 4411 expelleret
627 4343 659 4395 et
684 4333 777 4393 aliam
810 4343 953 4396 servaret
988 4333 1189 4394 Dorotheam
1223 4335 1421 4396 nominatam
1454 4331 1638 4412 Sdbyczka
1671 4333 1822 4412 deposuit
1851 4335 1978 4395 testis..

426 4439 547 4518 quod..
572 4439 665 4500 nichil
690 4441 749 4501 scit
778 4460 837 4500 nec
866 4441 1040 4521 aliquando
1070 4442 1200 4506 audivit,
1226 4441 1313 4520 quod
1337 4437 1551 4520 Sczavynsky
1575 4439 1700 4501 foveret
1721 4439 1861 4519 aliquam
1883 4440 1978 4501 aliam

425 4557 533 4626 preter
557 4567 701 4620 uxorem,
727 4557 759 4608 et
784 4547 871 4626 quod
893 4549 972 4610 istas
994 4549 1180 4628 diligencias
1205 4547 1281 4610 lacit
1304 4568 1370 4608 non
1392 4555 1536 4627 propter,
1562 4555 1596 4608 ut
1620 4547 1771 4608 dixerunt
1795 4555 1898 4610 testes
1920 4567 1979 4626 pro

426 4663 519 4732 parte
547 4652 715 4715 Dorothee
744 4655 874 4724 inducti,
907 4657 960 4734 qui
984 4655 1144 4730 dixerunt,
1178 4655 1265 4734 quod
1292 4675 1355 4714 non
1383 4664 1517 4734 propter
1546 4652 1631 4714 aliud
1661 4673 1732 4714 earn
1762 4654 1830 4714 vult
1860 4653 1979 4716 habere

425 4767 459 4822 et
488 4758 597 4822 fovere
622 4781 765 4830 uxorem,
798 4759 901 4822 solum
933 4763 1020 4842 quod
1049 4783 1125 4842 pars
1154 4763 1357 4834 hereditaria,
1390 4779 1453 4839 que
1482 4759 1522 4819 ad
1548 4779 1619 4820 eam
1645 4762 1794 4838 pertinet,
1822 4761 1883 4840 ipsi
1912 4780 1979 4821 suc

426 4865 565 4941 cederet,
594 4867 651 4928 sed
677 4869 836 4948 deposuit,
867 4869 954 4948 quod
979 4870 1048 4948 ipse
1072 4868 1149 4930 facit
1175 4877 1311 4948 propter
1335 4867 1615 4928 cohabitacionem
1641 4866 1919 4944 matrimonialem,
1946 4877 1979 4928 ut

424 4975 564 5054 pertinet
588 4973 629 5035 ad
654 4975 775 5036 bonum
800 4975 973 5048 hominem,
998 4989 1030 5038 et
1056 4976 1143 5056 quod
1167 4977 1238 5053 ipsa
1258 4974 1320 5034 hoc
1343 4973 1418 5036 lecit
1439 4994 1481 5035 ex
1503 4973 1637 5034 consilio
1661 4974 1827 5034 cuiusdam
1855 4974 1979 5034 Nicolai

427 5079 628 5164 Goloczlry..

532 5187 753 5251 Secundus
776 5191 869 5252 testis
895 5188 1011 5250 nobilis
1029 5189 1140 5250 Petrus
1165 5189 1206 5250 de
1223 5185 1392 5268 Lyczky..
1419 5185 1605 5266 deposuit..
1627 5186 1748 5267 quod..
1775 5185 1868 5247 nichil
1886 5188 1978 5248 scit..

427 5295 513 5375 quod
538 5294 751 5378 Sczavynsky
776 5297 988 5375 percussisset
1013 5306 1068 5357 aut
1093 5295 1218 5374 aliquas
1243 5295 1371 5355 iniurias
1394 5294 1554 5355 intulisset
1576 5293 1669 5356 uxori
1687 5313 1752 5368 sue,
1776 5303 1810 5354 et
1836 5293 1978 5355 moraba-

426 5413 477 5464 tur
504 5422 576 5464 cum
607 5423 646 5464 ea
676 5424 733 5482 per
764 5404 888 5482 aliquot
918 5423 1030 5473 annos,
1062 5402 1167 5463 solum
1200 5402 1287 5479 quod
1320 5401 1450 5480 quidam
1484 5399 1653 5481 Goloczky
1686 5401 1812 5463 induxit
1844 5419 1978 5462 uxorem

427 5509 535 5590 ipsius,
569 5519 602 5571 ut
627 5511 687 5572 sibi
711 5510 742 5570 in
768 5509 849 5570 libro
874 5509 1017 5570 terrestri
1044 5510 1234 5588 porcionem
1257 5506 1494 5578 hereditariam,
1520 5527 1582 5587 que
1606 5509 1645 5566 ad
1670 5509 1775 5586 ipsum
1800 5507 1979 5586 spectabat,

426 5617 642 5698 inscripsisset
671 5627 703 5679 et
727 5627 928 5691 annotasset,
960 5637 1020 5676 nec
1050 5618 1152 5676 eciam
1182 5617 1243 5676 scit
1275 5635 1335 5676 nec
1367 5613 1495 5686 audivit,
1529 5613 1617 5694 quod
1649 5612 1785 5675 fovisset
1816 5615 1978 5693 quandam

428 5721 628 5785 Dorotheam
654 5721 835 5804 Sdbyczka
861 5743 932 5783 cum
958 5741 1022 5804 qua
1047 5721 1291 5783 fornicaretur..
