4458 6674
946 684 1034 732 aNN1
1053 683 1129 738 1506.
1750 706 1812 768 109

264 773 300 778 -
330 774 366 778 .-.
413 774 482 778 ...-
537 774 548 777 .,
577 773 803 780 .--...---.--
824 775 839 778 -
1188 777 1752 786 -ῆ-...ῌ-..--.---.---,-.---..-

261 894 335 974 lego
359 903 508 956 ornatum
534 892 575 954 de
600 901 775 954 examento
799 913 870 956 curn
888 915 974 962 auro,
999 915 1095 974 quem
1121 898 1182 957 emi
1208 918 1268 976 pro
1286 899 1366 960 meis
1391 900 1529 980 propriis
1552 902 1706 980 pecuniis
1730 900 1811 963 Item

260 1001 355 1062 aliurn
369 999 503 1061 rubeum
518 997 767 1082 aldarnasllrovy
784 998 938 1062 donatum
957 1018 1016 1082 per
1031 1001 1129 1064 dnum
1147 1005 1199 1082 pie
1219 1007 1373 1066 memorie
1395 1005 1523 1085 Urlych,
1541 1008 1645 1068 civern
1664 1007 1812 1068 Warszo·

260 1109 413 1181 viensem,
439 1116 472 1168 ut
488 1107 529 1166 sit
555 1109 711 1166 memoria
737 1102 798 1190 [de]
823 1109 928 1168 anima
945 1110 1053 1188 ipsius.
1077 1107 1120 1169 Et
1139 1109 1222 1170 idem
1241 1109 1365 1190 Ulrych
1391 1111 1525 1174 donavit
1548 1113 1654 1174 eidem
1679 1115 1812 1176 ecclesie

261 1215 393 1278 calicem
418 1223 618 1296 argenteum.
644 1212 722 1274 Item
741 1214 845 1274 eidern
864 1215 1000 1275 ecclesie
1025 1215 1098 1296 lego
1115 1217 1228 1276 cistam
1247 1219 1370 1297 nigram
1390 1239 1505 1280 novam
1523 1239 1629 1280 meam
1648 1221 1812 1300 propriam

262 1321 422 1384 valentem
448 1320 489 1381 III
515 1317 654 1380 florenos
678 1339 739 1399 pro
762 1322 993 1382 conservandis
1018 1321 1113 1383 rebus
1138 1325 1363 1384 ecclesiasticis
1388 1337 1420 1386 et
1445 1327 1622 1387 cisticulam
1647 1347 1719 1388 curn
1745 1328 1814 1386 iuri·

261 1431 321 1492 bus
346 1437 379 1490 et
395 1429 463 1490 aliis
480 1429 695 1500 munimentis,
720 1426 867 1496 decretis
892 1429 1082 1496 concordiis.
1107 1431 1280 1492 sentenciis
1305 1442 1337 1492 et
1355 1429 1529 1516 metri[cis],
1555 1452 1635 1511 quas
1659 1454 1722 1512 ego
1739 1452 1813 1492 cum

262 1538 402 1618 propriis
426 1536 580 1614 expensis
597 1545 630 1594 et
648 1531 835 1596 difficultate
859 1538 946 1614 gravi
965 1537 1118 1615 acquisivi
1138 1557 1196 1614 pro
1213 1536 1402 1598 defensione
1419 1539 1556 1600 ecclesie
1572 1541 1603 1599 in
1621 1537 1814 1616 Clambov0;

262 1646 374 1705 cistam
412 1642 582 1703 committo
618 1641 756 1701 victricis
792 1661 928 1702 unacum
962 1644 1026 1702 dno
1050 1641 1211 1704 Stanislao
1238 1642 1440 1724 Volyenslry.
1489 1646 1567 1706 Item
1603 1647 1676 1724 lego
1708 1647 1813 1708 eidem

264 1747 421 1834 [ecclesie]
454 1769 533 1829 apes
557 1768 672 1808 omnes
696 1767 768 1809 curn
794 1751 1028 1810 excrescenciis
1062 1769 1119 1828 pro
1144 1748 1348 1828 disponenda
1380 1772 1473 1813 cruce
1502 1763 1665 1832 argentea,
1696 1754 1815 1831 inqua

262 1857 364 1918 debet
389 1876 461 1916 esse
486 1850 738 1938 inonst[1·ancia]‚
764 1867 796 1914 et
813 1855 874 1914 hoc
898 1857 1046 1936 exceptis
1070 1868 1147 1916 octo
1171 1859 1301 1928 truncia,
1327 1858 1501 1937 dequibus
1526 1859 1600 1938 lego
1626 1877 1685 1938 pro
1709 1856 1815 1919 futuro

263 1963 403 2044 plebano
429 1963 475 2022 IV
500 1975 634 2022 truncos
658 1971 690 2021 et
714 1957 895 2044 g[ennanol
922 1981 995 2022 meo
1021 1963 1182 2022 Stanislao
1208 1965 1247 2023 de
1268 1963 1506 2043 Umyasthowo
1531 1964 1577 2026 IV
1596 1975 1736 2034 truncos,
1762 1966 1815 2043 qui

263 2081 350 2134 stant
375 2091 479 2150 prope
504 2069 637 2130 sontem.
662 2068 743 2130 Item
770 2065 923 2152 miss[ale]
949 2071 1114 2148 antiquum
1142 2090 1405 2148 pergameneum,
1430 2091 1526 2151 quem
1552 2073 1698 2132 concessi
1723 2091 1816 2152 mgro

263 2177 427 2240 Stanislao
453 2175 649 2254 Marltovycz
674 2175 816 2254 plebano
842 2177 871 2234 in
898 2174 1053 2256 Pokryth,
1079 2172 1173 2260 [ipse'l
1198 2188 1335 2256 reponat
1361 2176 1495 2238 ecclesie
1519 2181 1549 2237 in
1576 2176 1763 2238 Clambovo.

371 2285 450 2346 Item
477 2305 536 2364 pro
560 2283 651 2343 altari
685 2282 724 2342 de
750 2301 836 2343 novo
861 2280 994 2344 fundato
1027 2301 1160 2362 perine
1191 2286 1222 2343 in
1248 2284 1384 2346 ecclesia
1409 2285 1583 2364 collegiata
1615 2304 1639 2346 s.
1664 2283 1818 2345 Iohannis

265 2391 412 2471 Baptiste
445 2391 473 2450 in
500 2389 676 2450 Warszova
710 2389 813 2466 primo
837 2388 913 2468 lego
945 2389 1059 2450 cistam
1092 2389 1197 2450 albam
1232 2409 1348 2450 novam
1384 2411 1442 2470 pro
1467 2392 1697 2452 conservandis
1722 2390 1818 2452 rebus

264 2499 350 2560 dicte
374 2492 544 2581 [ecclesiel.
578 2495 659 2558 Item
692 2495 766 2574 lego
789 2493 819 2555 Il
844 2507 990 2558 ornatus:
1016 2515 1111 2556 unuin
1144 2517 1215 2556 curn
1241 2517 1320 2558 auro
1352 2498 1429 2558 alias
1461 2497 1633 2572 ‹ramchovy
1664 2508 1696 2558 et
1721 2497 1817 2557 alium

265 2603 454 2684 simplicem.
481 2603 560 2664 Item
586 2599 784 2686 arlgentum]
809 2621 922 2680 purum
948 2602 1098 2664 videlicet
1124 2602 1201 2664 VIII
1219 2603 1386 2678 coclearia,
1412 2603 1546 2665 lractum
1571 2617 1741 2686 argentum
1768 2623 1818 2664 va-

266 2713 335 2773 lens
360 2729 501 2772 marcam
527 2729 621 2770 unam
646 2710 772 2787 argenti
799 2727 858 2787 pro
882 2703 1131 2792 cornlparandis]
1157 2709 1255 2770 calice
1281 2722 1312 2770 et
1337 2708 1406 2772 aliis
1432 2713 1621 2772 necessariis
1643 2711 1719 2773 dicti
1743 2711 1819 2771 alta-

219 2901 222 2911 Ι
266 2819 315 2890 ris,
340 2819 428 2897 quod
452 2827 621 2896 argentum
646 2817 822 2894 repositum
848 2825 899 2875 est
922 2817 961 2876 ad
979 2813 1145 2895 Lothvylr.
1172 2815 1276 2898 [Item]
1295 2817 1368 2897 lego
1386 2838 1446 2896 pro
1464 2817 1579 2880 eodem
1597 2819 1688 2878 altari
1705 2817 1818 2878 decem

266 2944 449 3006 sexagenas
472 2943 518 3004 gr.
543 2924 573 2983 in
592 2923 704 2984 mediis
728 2943 782 3002 gr„
807 2942 869 3002 que
894 2931 969 2983 sunt
993 2925 1024 2983 in
1042 2922 1156 2984 eadem
1181 2924 1325 2985 cisticula
1349 2945 1420 2986 curn
1446 2921 1657 3010 suplradicto]
1682 2935 1819 3004 argento

266 3032 353 3113 apud
378 3033 516 3092 eundern
543 3028 707 3109 Lothvyk.
743 3029 822 3090 Item
849 3049 945 3090 unum
970 3041 1097 3090 stamen
1121 3030 1209 3092 thele
1234 3030 1312 3092 alias
1331 3031 1465 3110 plotlzna
1498 3033 1609 3093 labore
1634 3031 1819 3110 lythvanico

269 3160 327 3220 pro
352 3138 542 3200 necessariis
568 3137 644 3198 dicti
669 3136 787 3199 altaris
812 3136 892 3198 Item
918 3138 993 3216 lego
1018 3137 1146 3198 missale
1172 3157 1307 3216 parvum
1331 3159 1439 3199 meum
1466 3139 1641 3218 proprium.
1666 3138 1747 3200 Itern
1772 3158 1821 3198 ce·

268 3267 334 3308 rain
359 3265 457 3308 unum
482 3244 624 3325 lapidem
649 3263 709 3324 pro
726 3243 841 3304 eodem
868 3245 966 3310 altari,
993 3264 1055 3324 que
1073 3257 1123 3305 est
1147 3264 1219 3305 curn
1237 3243 1305 3306 aliis
1330 3246 1523 3326 supradictis
1547 3247 1633 3326 apud
1654 3243 1821 3328 Lothvyk.

374 3353 455 3416 Item
480 3353 555 3434 lego
581 3351 608 3412 lI
633 3371 818 3431 sexagenas
843 3370 902 3430 pro
920 3353 1096 3412 tricesimis'
1114 3351 1154 3412 ad
1179 3372 1201 3411 s.
1219 3351 1452 3414 Bernardinum
1478 3353 1519 3413 de
1537 3353 1650 3414 eadem
1669 3351 1821 3425 cisticula‚

268 3482 330 3541 que
355 3470 405 3522 est
429 3455 538 3545 [apud]
565 3456 721 3536 Lothvyk
745 3468 777 3519 et
795 3476 890 3518 unam
908 3457 1028 3537 pullam
1047 3459 1149 3519 mellis
1172 3459 1281 3519 mundi
1307 3461 1527 3521 continentem
1554 3459 1739 3540 plusquam
1758 3479 1823 3518 me-

268 3567 354 3628 dium
380 3567 517 3629 alterum
543 3565 691 3626 manuale
715 3576 748 3624 et
774 3583 869 3624 unum
896 3585 1039 3643 porcum.
1066 3565 1144 3626 Item
1171 3566 1245 3645 lego
1270 3587 1329 3644 pro
1346 3568 1516 3628 tricesimis
1540 3569 1621 3628 ads.
1639 3566 1822 3635 MartInum

268 3677 309 3738 ad
334 3697 356 3735 s.
382 3674 550 3754 Spiritum,
583 3673 623 3732 ad
649 3673 677 3732 b.
702 3671 883 3752 Virginem.
916 3673 957 3733 ad
982 3693 1004 3734 s.
1030 3669 1206 3752 Georgium
1240 3694 1298 3754 per
1324 3673 1463 3734 mediam
1495 3692 1704 3754 sexagenam.
1741 3671 1823 3732 Item

271 3785 448 3861 pecuniam,
478 3800 540 3859 que¹
565 3789 616 3841 est
640 3778 753 3861 [apud]
777 3778 982 3859 Msczyskam
1012 3781 1043 3839 ln
1070 3776 1323 3863 Urnyastlhovol
1349 3781 1429 3840 alias
1452 3779 1575 3860 Spaky‚
1601 3781 1654 3859 qui
1679 3777 1823 3840 vendidit

270 3888 296 3949 ll
319 3907 453 3949 acervos
478 3887 610 3967 siliginis
633 3887 663 3945 in
682 3885 796 3965 predio
821 3906 893 3946 meo
918 3885 1156 3965 Umyasthovo,
1182 3895 1216 3946 ut
1241 3885 1359 3946 dictam
1385 3881 1577 3970 [pecultiiam
1602 3895 1740 3966 reponat
1764 3903 1824 3965 pro
1923 3941 1926 3948 .

270 3995 422 4076 hospitali
446 3992 486 4054 ad
512 4013 535 4054 s.
560 3989 724 4073 Spiritum,
749 4003 782 4050 ut
807 4003 901 4052 orent
926 4011 985 4071 pro
1010 3991 1177 4052 animabus
1201 4005 1371 4072 parentum
1397 4011 1551 4054 meorum.

377 4101 456 4162 Item
483 4101 557 4179 lego
582 4097 791 4176 Margarethe
823 4100 911 4177 nepti
938 4117 1011 4158 mee
1043 4097 1251 4177 plumaticam
1285 4118 1437 4178 magnam
1470 4109 1503 4160 et
1528 4097 1665 4160 lodicem
1691 4096 1823 4178 longum

270 4208 349 4269 alias
366 4207 535 4287 polavy...
560 4207 622 4266 iarn
649 4205 758 4266 datum
785 4217 834 4266 est
868 4203 947 4266 Item
974 4203 1049 4282 lego
1074 4205 1181 4284 pueriS
1206 4203 1308 4264 Falelr
1334 4207 1508 4282 nepotibus
1533 4206 1613 4266 mels
1637 4205 1664 4265 II
1690 4223 1824 4283 sexage-

271 4333 330 4376 nas
354 4335 399 4394 gr.
424 4315 455 4373 in
482 4313 594 4374 mediis
618 4333 664 4394 gr.
704 4307 808 4394 [Item]
842 4314 948 4390 pueris
973 4310 1040 4371 Viti
1072 4313 1102 4371 in
1128 4309 1308 4389 Lyaslrovo
1342 4311 1384 4372 III
1408 4331 1592 4390 sexagenas
1625 4310 1665 4371 ad
1690 4311 1823 4371 tunicas.

272 4422 353 4482 Item
371 4421 446 4498 lego
465 4419 597 4480 Iohanni
624 4417 709 4480 Obel
727 4419 842 4480 bovem
870 4415 1044 4502 iu[venem]
1070 4433 1102 4480 et
1119 4419 1293 4478 vaccellam
1319 4429 1351 4479 et
1369 4417 1395 4478 Il
1413 4437 1603 4500 sexagenas.
1629 4438 1709 4497 quas
1730 4417 1824 4476 michi

271 4539 399 4591 tenetur
425 4525 576 4588 Andreas
601 4523 835 4604 Szyvnyczsky
867 4537 901 4586 et
926 4525 971 4584 IV
995 4544 1082 4596 oves,
1114 4523 1235 4607 [unam]
1261 4524 1400 4586 scrofam
1432 4527 1599 4604 antiquam
1631 4535 1664 4585 et
1688 4523 1731 4585 llI
1756 4543 1825 4603 por·

272 4632 380 4694 cellos.
408 4633 487 4694 Item
512 4634 617 4692 eidem
643 4632 717 4712 lego
742 4651 860 4710 equum
886 4631 993 4692 album
1018 4629 1167 4693 nochum.

379 4739 461 4801 Item
487 4739 622 4800 Andree
653 4737 821 4816 Zavaczlry
855 4740 964 4817 nepoti
998 4757 1071 4798 meo
1104 4739 1177 4816 lego
1210 4757 1328 4818 equum
1361 4737 1500 4799 nochum
1532 4758 1637 4816 savam,
1670 4758 1730 4817 pro
1761 4757 1826 4816 quo

273 4848 366 4911 michi
392 4859 520 4910 tenetur
538 4845 584 4907 VI
601 4865 792 4925 sexagenas,
810 4857 843 4905 et
860 4846 964 4905 eidem
984 4846 1057 4926 lego
1082 4844 1235 4906 scutellas
1260 4858 1413 4906 stanneas
1438 4847 1575 4905 maiores
1600 4855 1632 4906 et
1658 4844 1668 4902 I
1695 4863 1825 4906 vaccam

272 4957 448 5034 antiquam,
473 4953 498 5014 ll
524 4953 627 5014 boves
652 4965 684 5012 et
709 4954 858 5012 iuvenem
885 4971 1015 5012 vaccam
1042 4964 1074 5014 et
1100 4953 1145 5012 lv
1172 4949 1333 5036 [vitellosl.
1370 4951 1451 5012 Item
1477 4950 1613 5012 Nicolao
1638 4948 1727 5010 fratri
1751 4970 1826 5011 meo

272 5059 461 5141 Zavaczsky
486 5079 684 5139 sexagenam
710 5060 795 5140 apud
814 5059 911 5118 dnum
938 5060 1105 5119 Nicolaum
1132 5058 1455 5140 Czyrznyakowsl<y3
1479 5057 1519 5118 de
1546 5059 1607 5118 isto
1632 5058 1736 5118 sciunt
1760 5056 1825 5118 Vo-

273 5171 405 5249 lunsczy
430 5177 463 5228 et
487 5166 527 5227 de
551 5163 620 5226 aliis
644 5167 789 5228 cominIsi
815 5167 1043 5227 executoribus
1068 5185 1140 5224 cum
1166 5185 1289 5244 pro...
1315 5167 1355 5226 de
1381 5165 1560 5226 mobilibus.

381 5275 459 5336 Item
485 5274 559 5354 lego
585 5273 747 5334 Stanislao
773 5271 1005 5352 Clambovvslry
1031 5293 1182 5333 acervum
1208 5271 1342 5351 siligInis
1366 5275 1396 5332 in
1415 5273 1550 5333 Dilcovo
1576 5283 1608 5332 et
1625 5271 1652 5331 Il
1678 5269 1828 5330 scutellas

274 5395 427 5446 stanneas
451 5381 633 5442 mediocres
659 5395 692 5440 et
716 5392 880 5442 canteram
906 5393 1076 5441 stanneum
1104 5399 1264 5459 magnum,
1290 5397 1361 5438 cum
1389 5399 1466 5439 naso
1491 5393 1523 5440 et
1547 5379 1667 5440 calidas
1693 5397 1826 5454 parvum

275 5501 308 5552 et
332 5489 394 5551 alia
418 5490 563 5550 commIsi
589 5488 825 5558 executoribus,
852 5498 886 5548 ut
911 5507 984 5547 eum
1009 5485 1209 5566 provideant,
1236 5498 1331 5566 prout
1356 5487 1403 5546 eis
1428 5487 1586 5546 videbitur
1611 5486 1732 5546 melius.

381 5597 463 5658 Item
489 5615 548 5676 pro
574 5593 680 5655 futuro
712 5593 853 5674 plebano
885 5593 959 5672 lego
985 5613 1133 5653 acervum
1160 5592 1302 5673 siliginis,
1336 5593 1446 5672 quiin
1471 5593 1570 5660 domo
1595 5603 1668 5660 stat,
1701 5601 1733 5651 et
1758 5590 1828 5658 alia,

276 5705 393 5786 quein
418 5701 536 5764 horreo
567 5713 650 5774 sunt,
687 5721 782 5762 unam
815 5720 947 5762 vaccam
981 5703 1146 5780 antiquam
1185 5709 1218 5761 et
1242 5699 1337 5760 aliam
1370 5699 1519 5760 iuvenem
1552 5707 1586 5758 et
1610 5696 1638 5758 II
1661 5698 1763 5758 boves
1795 5705 1829 5756 et
