4392 6672
814 700 993 750 ANNORUM
1017 699 1200 752 utu-ulto.
1765 713 1789 780 57

235 793 334 800 -—-
356 793 443 799 -.-.
466 793 508 798 ---
548 793 803 800 Μ-ψ
1420 791 1782 798 --—-—-—-—-.-—-——----

234 932 320 974 anno
352 925 469 993 quarto
502 925 578 994 post
607 913 771 993 predictos
803 924 870 974 tres
901 914 1049 989 sequenti
1081 912 1268 974 immediate
1301 911 1462 974 residuum
1497 913 1657 974 dictorum
1690 912 1789 974 XXX

234 1019 358 1099 laschty
380 1020 411 1079 in
437 1021 488 1082 die
513 1039 569 1082 seu
595 1021 733 1080 termino
758 1039 796 1080 ac
821 1020 894 1080 loco
918 1021 1024 1082 eidem
1050 1018 1237 1098 persolvere
1269 1030 1302 1080 et
1327 1039 1493 1098 reponere
1510 1039 1547 1081 se
1572 1021 1732 1082 summisit
1756 1031 1789 1082 et

234 1126 392 1206 obligavit
415 1128 477 1188 sub
502 1128 595 1206 penis
619 1128 1006 1188 excommunicacionis..

448 1319 489 1381 Α.
520 1335 612 1398 1450,
637 1317 760 1400 Aprilis
787 1337 836 1396 24,
861 1322 892 1380 in
918 1319 1085 1380 Poltowsk
1111 1321 1254 1380 incuria
1278 1320 1468 1398 episcopali.

348 1441 407 1509 16.
431 1445 531 1523 (Acta
554 1447 651 1525 episc.
676 1446 730 1524 ll..
756 1447 842 1506 Rmo
868 1457 960 1524 patre
984 1445 1050 1504 dno
1075 1443 1183 1506 Paulo,
1217 1446 1374 1522 episcopo
1402 1444 1555 1516 Plocensi,
1588 1445 1705 1508 iudicio
1730 1462 1789 1526 pro

235 1551 385 1611 tribunali
404 1555 596 1632 presidente,
613 1553 820 1632 presentibus
838 1553 909 1612 dnis
927 1551 1025 1612 Paulo
1042 1551 1082 1611 de
1097 1548 1262 1622 Colinian,
1280 1552 1483 1612 decretorum
1500 1551 1643 1621 doctore.
1661 1553 1790 1616 Thoma

236 1657 276 1717 de
302 1658 443 1726 Xansch,
477 1659 706 1720 archidiacono
727 1672 770 1720 et
795 1657 923 1720 officiali
955 1657 1159 1727 Poltoviensi,
1195 1656 1339 1718 Iohanne
1371 1657 1411 1718 de
1437 1656 1556 1728 Sdzari,
1590 1661 1787 1722 cancellario

235 1763 332 1825 Petro
359 1765 449 1825 Luba
475 1768 515 1828 de
541 1767 731 1828 Radzimino
764 1777 797 1826 et
831 1763 974 1826 Stiborio
1006 1765 1046 1824 de
1076 1762 1339 1832 Gosezanczicze,
1375 1767 1536 1827 canonicis
1568 1766 1785 1838 Plocensibus,

235 1871 265 1931 in
291 1891 388 1933 causa
412 1873 540 1935 discreti
566 1871 717 1935 Stanislai
736 1871 877 1954 Wyszna
902 1872 1049 1950 gracialis
1074 1873 1103 1931 in
1123 1871 1260 1933 Lomsza
1285 1882 1397 1932 contra
1415 1871 1590 1933 iohannem
1607 1872 1784 1946 Zolandelc,

233 1989 393 2040 sartorem
419 1981 460 2040 de
484 1981 613 2046 ibidem.
638 1977 850 2041 Staaislaus..
878 1981 1055 2056 proposuit,
1084 1980 1260 2057 quomodo
1276 1979 1359 2040 idem
1386 1978 1546 2041 Iohannes
1571 1999 1674 2060 nuper
1697 2001 1784 2042 anno

237 2087 379 2162 presenti
404 2087 455 2146 die
479 2087 641 2148 dominico
674 2086 746 2148 festi
770 2085 893 2146 Pasche
918 2085 1146 2147 dehonestavit
1178 2087 1283 2165 ipsum
1310 2085 1504 2148 Stanislaum
1537 2107 1645 2148 coram
1677 2087 1786 2150 multis

236 2189 422 2254 horninibus
446 2192 590 2254 eiusdem
615 2191 750 2254 ecclesie
775 2192 987 2272 parochianis.
1019 2194 1139 2263 dicens,
1173 2193 1260 2272 quod
1284 2195 1354 2273 ipse
1378 2191 1559 2255 Stanislaus
1592 2193 1708 2256 eodem
1733 2195 1786 2257 die

237 2299 401 2360 dominico
433 2298 665 2361 insufficienter
697 2312 730 2360 et
755 2299 897 2360 indebite
922 2301 1150 2378 pronunciaret
1182 2301 1213 2359 in
1239 2300 1380 2360 ambone
1411 2300 1538 2379 publice
1563 2299 1789 2388 Euangeliurn

237 2404 267 2464 in
291 2403 363 2478 hoe,
397 2405 483 2484 quod
511 2427 575 2466 non
601 2407 692 2479 dixit,
725 2406 813 2487 quod
837 2406 920 2468 dnus
946 2406 1057 2468 ihesus
1081 2406 1225 2468 ostendit
1249 2425 1284 2466 se
1314 2409 1344 2466 in
1368 2417 1442 2468 orto
1468 2407 1571 2468 Marie
1595 2409 1790 2490 Magdalene

238 2521 392 2590 tanquam
426 2511 593 2574 ortulanus
624 2533 696 2574 cum
723 2513 862 2574 fossorio
893 2515 972 2574 alias
996 2513 1125 2591 rydlem,
1157 2514 1265 2573 arrimo
1289 2513 1527 2576 dehonestandi
1558 2524 1591 2576 et
1614 2515 1789 2588 iniuriandi,

237 2618 381 2678 iniuriam
407 2639 565 2682 revocans
589 2622 629 2682 ad
656 2618 740 2682 CCC
765 2620 840 2690 flor..
875 2632 991 2700 petens
1015 2620 1149 2682 eosdem
1175 2629 1208 2681 et
1232 2621 1335 2698 ipsum
1362 2619 1513 2700 compelli
1545 2621 1586 2682 ad
1611 2625 1791 2684 revocacio·

238 2744 311 2785 nem
337 2726 510 2788 verborum
536 2729 754 2806 predictorum
780 2747 888 2788 coram
905 2725 975 2795 illis,
1000 2747 1110 2788 coram
1134 2727 1251 2806 quibus
1268 2728 1344 2788 talia
1362 2727 1559 2807 proferebat.
1584 2728 1636 2790 Ex
1652 2729 1791 2792 adverso

238 2831 383 2910 prelatus
407 2833 567 2894 lohannes
592 2834 758 2896 Zolandelc
783 2833 953 2895 confessus
978 2844 1028 2895 est
1052 2853 1087 2894 se
1111 2834 1210 2896 verba
1235 2834 1355 2896 dixisse
1380 2835 1527 2915 predicta
1550 2845 1583 2897 et
1607 2837 1720 2898 eadem
1746 2857 1790 2898 re·

238 2938 369 3019 plicavit
393 2950 470 3002 tunc
493 2942 682 3003 iudicialiter
706 2939 876 3002 manifeste
901 2941 1026 3002 dicens:
1050 2943 1081 3000 iu
1099 2961 1139 3003 eo
1156 2940 1387 3002 insufficienter
1410 2941 1566 3014 iudicasti,
1594 2943 1667 3023 quia
1691 2943 1792 3005 obmi-

238 3047 320 3114 sisti‚
354 3049 442 3127 quod
466 3069 539 3110 eum
565 3049 665 3108 Maria
691 3049 805 3110 viderit
829 3068 902 3108 cum
928 3048 1066 3110 fossorio
1089 3061 1245 3128 tanquam
1270 3047 1466 3120 ortulanum,
1498 3067 1571 3108 curn
1595 3061 1704 3132 tamen
1728 3049 1790 3112 hoc

238 3156 394 3232 scriptum
420 3157 461 3216 sit
484 3157 514 3214 in
541 3153 732 3234 Evangelio
756 3176 780 3216 s.
806 3156 915 3226 Marci,
941 3155 1028 3235 quod
1055 3157 1237 3235 predicasti.

353 3257 409 3325 17.
434 3261 589 3343 (Ibidem).
614 3263 650 3322 In
667 3282 764 3324 causa
788 3261 919 3324 discreti
937 3260 1167 3328 Bartholomei.
1191 3263 1299 3324 vicarii
1316 3261 1436 3322 ibidem
1454 3263 1485 3322 in
1501 3261 1652 3332 Lomsza,
1678 3275 1791 3327 contra

241 3366 414 3429 iohannem
439 3368 616 3442 Zolandek,
641 3380 799 3430 sartorem
819 3369 1008 3447 predictum,
1034 3371 1170 3430 vicarius
1195 3371 1374 3450 proposuit,
1399 3370 1566 3447 quomodo
1590 3374 1661 3451 ipse
1682 3371 1791 3432 lohan-

239 3493 297 3534 nes
320 3476 426 3554 ipsum
459 3474 688 3536 dehonestavit
722 3477 832 3538 dicens
865 3476 968 3555 ipsum
1001 3475 1144 3538 indebite
1177 3477 1364 3558 predicasse
1394 3478 1526 3540 feriali
1552 3477 1674 3539 Pasche
1706 3497 1791 3539 anno

240 3583 382 3660 presenti
408 3581 485 3642 illud
510 3581 733 3662 Eia-‘angelium
759 3583 800 3644 de
824 3583 950 3644 duobus
975 3584 1140 3664 discipulis
1164 3584 1315 3645 euntibus
1338 3586 1369 3645 in
1395 3585 1516 3647 Emaus
1540 3605 1600 3664 pro
1624 3606 1673 3656 en,
1703 3585 1791 3664 quod

239 3687 330 3766 ipsos
354 3688 529 3768 discipulos
553 3689 675 3750 scilicet
700 3689 880 3768 Cleopham
906 3699 938 3750 et
963 3689 1142 3771 Symonem
1168 3691 1286 3753 dixerit
1311 3692 1557 3770 apostolos,
1582 3714 1656 3754 cum
1680 3703 1790 3755 tamen

241 3813 304 3853 non
322 3796 385 3856 sint
409 3795 559 3872 apostoli.
585 3797 641 3858 sed
659 3795 804 3876 discipuli
824 3797 952 3863 Christi,
976 3797 1121 3858 iniuriam
1147 3817 1305 3858 revocans
1329 3799 1371 3860 ad
1389 3799 1414 3861 C
1433 3797 1501 3860 flor.
1520 3809 1635 3878 petens
1656 3799 1789 3860 eosdem

240 3913 273 3962 et
297 3903 402 3980 ipsum
427 3903 580 3983 compelli
612 3903 652 3964 ad
678 3904 859 3964 emendam.
899 3903 951 3966 Ex
974 3904 1114 3966 adverso
1146 3907 1216 3983 ipse
1249 3904 1387 3967 lohanes
1419 3905 1586 3968 confessus
1610 3918 1670 3976 est,
1703 3907 1791 3984 quod

240 4009 345 4088 ipsum
371 4011 585 4090 presbiterum
611 4011 850 4090 predicatorem
877 4012 979 4071 minus
1004 4011 1115 4072 debite
1141 4012 1325 4090 predicasse
1350 4015 1494 4086 asseruit,
1527 4015 1600 4092 quia
1625 4015 1791 4091 predictos

240 4115 416 4196 discipulos
440 4119 674 4196 apostolos
697 4120 919 4184 nominaverit.
946 4120 998 4198 qui
1016 4130 1125 4179 tamen
1151 4117 1253 4179 solum
1272 4118 1418 4196 discipuli
1443 4118 1584 4194 suerunt,
1609 4121 1791 4198 presbitero

240 4223 418 4300 replicante
442 4235 475 4286 et
499 4223 636 4296 dicente,
669 4226 757 4305 quod
782 4246 839 4286 ens
864 4237 896 4286 et
921 4225 1097 4304 discipulos
1129 4236 1161 4286 et
1186 4226 1355 4304 apostolos
1387 4227 1445 4286 sed
1470 4227 1611 4288 minores
1635 4237 1711 4287 tunc
1737 4247 1791 4288 no·

240 4331 410 4390 minaverit
434 4341 466 4390 et
491 4332 595 4392 solum
621 4330 801 4411 Cleopham
834 4333 891 4392 sed
917 4352 980 4392 non
1006 4331 1186 4412 Syrnonern
1211 4354 1253 4392 ex
1278 4333 1408 4393 nornine
1433 4334 1661 4412 predicaverit.
1695 4343 1791 4412 prout

240 4435 270 4494 in
295 4446 388 4498 textu
413 4439 612 4516 evangelico
644 4441 841 4515 continetur;
872 4441 949 4500 item
975 4439 1034 4500 hec
1059 4439 1173 4499 eadem
1200 4441 1298 4499 verba
1323 4437 1397 4520 [die]
1423 4437 1585 4498 dominico
1618 4440 1647 4498 in
1672 4453 1790 4500 octava

240 4541 363 4603 Pasche
387 4545 460 4624 ipso
486 4547 666 4624 presbitero
691 4545 887 4624 predicante,
921 4547 1004 4605 idem
1032 4545 1192 4606 lohannes
1224 4547 1390 4626 replicavit
1419 4564 1527 4606 coram
1554 4545 1664 4626 populi
1688 4547 1791 4609 multi·

240 4651 365 4712 tudine:
398 4651 471 4730 Ego
495 4672 574 4725 sum,
599 4654 639 4712 de
664 4673 729 4730 quo
756 4653 932 4733 loquimini,
958 4665 992 4712 et
1019 4673 1081 4712 non
1108 4653 1271 4714 deberetis
1296 4673 1347 4712 me
1372 4653 1422 4713 hic
1446 4652 1601 4713 infamare
1625 4664 1657 4715 et
1680 4653 1791 4715 here·

241 4757 387 4830 ticare,
412 4761 487 4839 quia
504 4761 626 4840 pendet
650 4761 745 4820 michi
763 4763 852 4822 accio
877 4782 984 4822 coram
1004 4760 1069 4822 dno
1088 4760 1263 4840 Episcopo,
1288 4780 1396 4820 coram
1415 4781 1480 4840 quo
1497 4760 1603 4820 debeo
1622 4760 1791 4822 iustificari.

352 4861 411 4929 18.
436 4866 588 4946 (Ibidem).
613 4867 693 4928 Item
713 4867 919 4928 Wsaeborius
943 4869 1078 4928 vicarius
1102 4868 1133 4926 in
1152 4866 1291 4928 Lornsza
1315 4877 1428 4928 contra
1453 4865 1590 4927 eundem
1616 4867 1790 4929 Iohannem

242 4967 408 5034 Zolandek
432 4975 611 5052 proposuit,
636 4975 802 5054 quomodo
819 4975 893 5035 durn
913 4978 981 5053 ipse
998 4974 1220 5054 liwangelium
1246 4973 1331 5034 illud:
1361 4972 1477 5034 »Stetit
1503 4973 1614 5033 ihesus
1635 4974 1664 5033 in
1683 4976 1791 5035 medio

242 5077 491 5157 discipulorum«
519 5081 596 5141 feria
621 5081 661 5141 lll
688 5082 812 5142 Pasche
836 5101 920 5142 anno
947 5084 1087 5158 presenti
1116 5082 1325 5160 predicasset,
1350 5083 1419 5158 ipse
1438 5079 1599 5140 lohannes
1623 5079 1791 5142 Zolandek

243 5186 272 5244 in
296 5184 396 5246 domo
429 5185 622 5250 Kostrzewa
655 5188 868 5249 theolonearii
901 5189 1018 5248 ibidem
1050 5191 1081 5248 iu
1106 5188 1245 5249 Lomsza
1278 5190 1307 5247 iu
1341 5186 1508 5247 colacioue
1541 5207 1648 5246 coram
1682 5185 1790 5249 multis

241 5291 426 5354 hominibus
460 5296 568 5371 probis
600 5296 736 5354 eundem
772 5295 985 5374 presbiterum
1018 5295 1254 5370 dehonestavit,
1292 5295 1378 5374 quod
1412 5294 1554 5354 indebite
1587 5303 1619 5354 et
1642 5303 1790 5354 truncate

244 5399 465 5478 Ewangelium
493 5400 671 5480 predictum
699 5403 921 5479 pronunciavit
947 5403 976 5462 in
993 5423 1042 5470 eo,
1068 5403 1155 5482 quod
1181 5403 1290 5463 dicens
1316 5401 1442 5462 ihesum
1469 5401 1589 5461 dixisse
1613 5399 1790 5478 discipulis:

246 5527 330 5586 »pax
354 5507 479 5580 vobis«,
504 5527 568 5568 non
594 5508 775 5569 adiunxerit
803 5529 936 5587 »pacem
962 5529 1068 5568 meam
1094 5508 1137 5569 do
1162 5509 1262 5579 vobis,
1288 5529 1350 5568 non
1373 5508 1539 5587 quomodo
1564 5508 1701 5568 mundus
1725 5508 1790 5580 dat,

243 5633 305 5692 ego
329 5613 372 5673 do
397 5615 521 5684 vobisc,
557 5614 644 5694 quod
677 5626 710 5676 et
735 5625 811 5675 tunc
842 5615 893 5675 die
918 5618 1058 5676 crastina
1091 5617 1120 5674 in
1146 5616 1246 5676 domo
1278 5615 1405 5693 plebani
1440 5612 1612 5693 replicavit,
1644 5615 1788 5676 iniuriam
1827 5621 1831 5628 '

242 5740 399 5782 revocans
422 5721 464 5782 ad
489 5720 515 5782 C
539 5719 616 5794 flor,
641 5731 757 5801 petens
781 5720 913 5782 eosdem
939 5732 971 5782 ct
997 5722 1101 5800 ipsum
1126 5719 1275 5801 compelli
1300 5720 1340 5782 ad
1365 5720 1543 5780 cruendam.
1577 5719 1627 5780 Ex
1651 5723 1790 5782 adverso
