4392 6672
827 707 1005 758 ANNORUM
1025 705 1208 762 14504453.
1772 727 1793 790 9

245 795 719 806 -n--.......‚....--....-............
987 803 1094 808 ...-.....-
1189 805 1216 808 -
1238 804 1313 810 -,,.,.
1342 805 1551 811 -..,-,,,-,,,,
1596 803 1619 811 ,,
1655 805 1660 811 ,
1783 807 1788 812 ,

246 920 382 982 adverso
399 919 483 981 idem
501 917 661 999 plebanus
685 919 853 981 consessus
871 932 973 982 estse
998 921 1178 982 huiusmodi
1204 921 1440 984 confessionem
1467 925 1656 1004 propalasse
1681 935 1713 986 et
1731 945 1794 986 rna·

245 1025 422 1096 niiestasse,
447 1027 504 1088 sed
522 1041 631 1088 tamen
655 1029 765 1088 iocose
790 1028 871 1088 dixit
896 1027 926 1088 id
945 1027 1073 1116 iecisse3
1097 1031 1173 1089 item
1192 1031 1361 1110 proposuit
1386 1029 1503 1090 nobilis
1528 1029 1680 1107 prelatus,
1706 1032 1793 1110 quod

245 1133 330 1194 idem
345 1134 459 1196 Petrus
476 1131 633 1215 plebanus
651 1153 753 1212 nuper
771 1154 855 1195 anno
868 1153 961 1214 prox.
979 1143 1143 1196 transacto
1169 1136 1245 1196 seria
1263 1135 1330 1196 Vlta
1347 1156 1463 1218 magua
1478 1136 1589 1198 silvam
1608 1158 1665 1200 seu
1682 1158 1794 1200 nemus

245 1241 344 1321 ipsius
369 1238 484 1302 nobilis
508 1241 693 1302 subintrans
717 1240 839 1302 excidit
863 1241 967 1302 eidem
992 1241 1059 1304 XV
1082 1245 1176 1323 pinus
1200 1253 1233 1304 et
1251 1241 1282 1302 V
1299 1262 1436 1322 quercus
1461 1254 1570 1321 preter
1594 1244 1793 1306 voluntatem

246 1361 278 1408 et
295 1348 468 1409 scienciam
492 1347 593 1428 ipsius
618 1347 734 1408 nobilis
758 1345 874 1408 valoris
900 1347 912 1408 l
936 1368 1110 1428 sexagene,
1136 1361 1253 1430 petens
1277 1351 1416 1412 eundem
1441 1347 1716 1436 [condempnarel.
1743 1351 1795 1414 Ex

245 1455 385 1516 adverso
409 1453 566 1534 plebanus
591 1454 755 1534 predictus
779 1455 947 1517 confessus
964 1466 1015 1517 est
1039 1476 1074 1517 se
1091 1456 1215 1536 prelata
1240 1457 1357 1518 robora
1382 1469 1536 1537 tanquam
1561 1459 1620 1519 sibi
1646 1478 1705 1537 per
1720 1478 1795 1520 eun·

246 1561 319 1623 dem
345 1558 485 1622 nobilem
511 1563 633 1623 donata
657 1562 825 1630 excidisse,
850 1582 946 1641 quam
971 1563 1185 1624 donacionem
1211 1565 1296 1626 idem
1322 1565 1479 1644 plebanus
1502 1566 1688 1644 probabit..

459 1751 500 1816 A.
531 1766 621 1832 1452.
645 1753 750 1816 llliartii
779 1772 828 1832 29.
852 1757 882 1814 in
911 1752 1041 1816 Gorzno
1066 1759 1096 1816 in
1122 1759 1208 1817 curia
1234 1757 1421 1836 episcopali.

354 1875 418 1944 22.
442 1877 541 1957 (Acta
565 1881 662 1959 episc.
687 1879 743 1960 1)..
769 1879 888 1941 Vener.
914 1893 946 1942 et
971 1883 1106 1961 egregio
1130 1882 1197 1943 dno
1221 1881 1319 1942 Paulo
1343 1882 1384 1942 de
1403 1881 1564 1954 Golinin0,
1590 1885 1795 1944 decretorum

247 1987 391 2066 doctore,
423 1987 591 2066 preposito
617 1987 833 2048 Poltoviensis
857 1997 889 2048 et
915 1991 1072 2050 canonico
1097 1988 1262 2050 Plocensis
1287 1989 1505 2060 ecclesiarum,
1538 1991 1684 2052 auditore
1709 1991 1797 2051 curie

247 2091 451 2173 episcopalis.
477 2093 625 2156 iudicio..
644 2093 873 2173 presidente..
899 2094 1036 2157 honesta
1061 2097 1167 2164 Anna,
1192 2117 1275 2158 uxor
1299 2095 1434 2176 Nicolai,
1459 2096 1499 2158 ab
1518 2118 1587 2170 una,
1613 2111 1645 2158 et
1673 2099 1796 2176 Agnes,

248 2201 358 2262 relicta
383 2200 517 2270 Nicolai,
543 2199 693 2262 advocati
717 2202 758 2263 de
776 2201 965 2280 Schut0w0‚
989 2213 1082 2282 parte
1107 2225 1148 2264 ex
1173 2205 1282 2275 altera,
1308 2205 1394 2264 dicta
1411 2203 1509 2265 Anna
1534 2206 1694 2284 exposuit,
1720 2225 1797 2284 quo

248 2306 346 2370 modo
377 2305 531 2370 Nicolaus
564 2307 724 2390 Lodwyg.
757 2307 892 2370 lrmetho
923 2309 1073 2372 dedicta
1107 2309 1293 2378 Schutowo.
1326 2310 1467 2390 quodam
1493 2313 1576 2372 die..
1601 2315 1797 2372 constitutus

247 2415 461 2496 personaliter
493 2417 523 2476 in
548 2416 665 2477 iudicio
689 2416 822 2477 bannito
855 2417 885 2476 in
911 2415 983 2478 villa
1009 2417 1135 2497 prelata
1160 2418 1324 2480 celebrato
1356 2429 1507 2497 sponte..
1532 2439 1679 2480 mansum
1704 2439 1795 2481 suum

247 2523 316 2604 agri
340 2520 477 2590 finalem.
511 2542 571 2602 pro
595 2533 685 2584 certa
708 2526 845 2603 pecunie
870 2527 1052 2604 quantitate
1077 2527 1242 2587 venditum
1268 2526 1373 2587 eidem
1399 2525 1497 2586 Anne
1521 2545 1593 2586 cum
1618 2527 1706 2586 omni
1730 2527 1797 2586 iure

248 2641 281 2692 et
306 2631 537 2710 proprietate..
564 2631 756 2710 resignavit,
788 2632 863 2692 dicti
888 2652 965 2693 vero
991 2633 1121 2704 iudices,
1146 2633 1262 2694 iudicio
1287 2633 1498 2710 presidentes,
1523 2651 1613 2694 more
1637 2642 1796 2694 consueto

249 2737 440 2816 proclamari
464 2737 700 2800 mandeverunt
724 2739 836 2819 primo,
862 2738 1014 2813 secundo
1039 2741 1140 2801 tercio
1165 2749 1198 2801 et
1222 2749 1339 2820 quarto
1364 2739 1532 2819 superflue,
1565 2739 1591 2800 si
1615 2740 1687 2818 quis
1711 2749 1798 2801 esset

248 2843 476 2917 contradictor,
512 2845 566 2923 qui
594 2843 778 2906 huiusmodi
809 2846 1030 2908 vendicionem
1065 2859 1098 2908 et
1130 2847 1386 2926 resignacionem
1419 2847 1599 2926 impediret.
1638 2843 1681 2908 Et
1712 2847 1798 2908 dicta

249 2950 371 3032 Agnes.
389 2951 499 3014 relicta
516 2951 675 3026 advocati,
693 2973 763 3013 cum
782 2952 849 3013 srlio
866 2974 925 3015 suo
950 2950 1112 3016 Stanislao
1131 2965 1300 3032 presentes
1322 2964 1354 3015 et
1372 2954 1540 3016 audientes
1557 2974 1622 3014 non
1640 2953 1798 3015 contradi·

248 3069 365 3120 xerunt
397 3079 456 3121 nec
481 3060 719 3140 impediverunt
751 3080 854 3140 usque
886 3072 1019 3141 expost.
1053 3072 1149 3142 prout
1180 3061 1249 3123 sola
1281 3059 1394 3123 eadem
1420 3059 1535 3142 Agnes
1567 3058 1716 3121 confessa
1740 3071 1798 3132 est.

249 3175 366 3245 petens
390 3165 449 3226 sibi
481 3163 646 3228 silencium
678 3167 801 3247 imponi
834 3168 875 3227 ab
900 3166 1039 3228 ulteriori
1072 3169 1313 3247 impedimento.
1354 3167 1396 3228 Et
1420 3167 1503 3228 dnus
1527 3168 1655 3228 auditor
1686 3167 1798 3228 habito

248 3271 384 3332 consilio
408 3273 611 3334 dominorum
636 3283 669 3334 et
686 3273 772 3335 dicte
790 3275 931 3355 Agnetis
955 3273 1160 3337 consessione
1186 3271 1326 3359 laudital,
1351 3274 1518 3336 silencium
1543 3273 1648 3335 eidem
1674 3271 1797 3355 Agneti

249 3377 436 3459 imposuit..
463 3381 649 3459 dictamque
674 3379 806 3442 Annam
832 3383 863 3442 in
888 3385 1099 3462 possessione
1123 3383 1199 3443 dicti
1225 3384 1327 3443 mansi
1353 3383 1563 3443 reservavit..

461 3571 504 3634 A.
534 3587 590 3653 145
598 3591 624 3651 3,
649 3573 757 3635 Martii
781 3589 831 3642 21,
858 3575 888 3636 in
914 3572 1044 3636 Gorzno
1068 3577 1098 3636 in
1124 3576 1209 3636 curia
1234 3572 1422 3654 episcopali.

356 3693 420 3761 23.
452 3695 551 3775 (Acta
575 3699 672 3778 episc.
697 3697 751 3776 1)..
785 3699 870 3761 Rmo
903 3712 996 3780 patre
1028 3700 1093 3760 dno
1125 3698 1234 3768 Paulo
1267 3701 1424 3779 episcopo
1456 3699 1618 3768 Plocensi,
1650 3699 1800 3759 iudicio..

249 3799 436 3886 'presidente
469 3806 499 3865 in
525 3825 621 3866 causa
645 3803 774 3867 Alberti
809 3808 849 3868 de
874 3804 1090 3887 Crzywltowo
1115 3818 1227 3868 contra
1252 3805 1425 3887 Hedvigirn
1459 3809 1498 3866 de
1522 3805 1651 3872 ibidem.
1685 3805 1800 3866 nobilis

250 3910 429 3974 Stanislaus
459 3910 500 3972 de
531 3912 617 3974 dicta
649 3911 872 3992 Crzywkowo‚
909 3925 1100 3994 procurator
1133 3913 1204 3974 laici
1236 3913 1354 3974 ibidem
1390 3915 1584 3974 constitutus
1621 3914 1799 3994 proposuit.

250 4017 417 4100 quomodo
441 4039 545 4099 nuper
569 4039 654 4080 anno
679 4039 770 4100 prox.
796 4031 994 4083 transacto.
1021 4021 1158 4082 lacobus
1184 4019 1393 4101 Czeczerslry‚
1427 4021 1587 4082 advocato
1612 4039 1667 4080 seu
1693 4038 1798 4080 accer-

250 4129 314 4188 sito
337 4127 379 4189 ad
403 4146 439 4188 se
464 4124 593 4208 prelato
616 4125 706 4196 laico,
733 4129 837 4206 ipsum
861 4126 999 4189 detinuit
1024 4138 1055 4188 et
1079 4129 1254 4206 captivavit
1287 4147 1324 4186 ac
1349 4124 1484 4206 plurima
1510 4126 1645 4186 verbera
1669 4137 1701 4186 et
1726 4126 1797 4186 adu·

250 4235 374 4296 stiones
397 4233 482 4314 ignis
507 4231 613 4296 intulit
639 4254 699 4295 nec
723 4235 764 4296 de
789 4234 970 4296 huiusmodi
995 4236 1185 4314 captivitate
1210 4235 1373 4295 dimittere
1398 4231 1508 4305 voluit,
1541 4234 1600 4294 nisi
1625 4235 1712 4312 prius
1736 4253 1800 4292 ma·

250 4341 435 4402 trimonium
448 4361 519 4402 cum
534 4340 658 4422 prefata
678 4342 818 4421 liedvigi
836 4355 1053 4409 consumaret.
1073 4343 1126 4420 qui
1141 4342 1233 4402 minis
1250 4340 1417 4422 perculsus
1430 4350 1463 4401 et
1476 4340 1567 4418 plura
1584 4339 1719 4402 verbera
1732 4358 1801 4417 per-

250 4448 425 4510 timescens
448 4449 688 4510 matrimonium
714 4469 784 4510 cum
811 4449 924 4511 endem
950 4450 1137 4528 compulsus
1154 4449 1325 4512 contraxit.
1352 4457 1468 4526 petens
1492 4467 1526 4507 se
1543 4445 1667 4506 absolvi
1686 4446 1727 4506 ab
1751 4465 1801 4506 ea·

251 4555 333 4616 dem.
352 4553 404 4617 Ex
421 4555 560 4616 adverso
576 4557 692 4616 nobilis
709 4555 837 4636 Rogala
852 4555 930 4618 alias
948 4554 1043 4627 Grad,
1061 4569 1252 4636 procurator
1268 4556 1444 4616 mulieris..
1461 4555 1544 4615 dixit
1561 4553 1801 4633 respondendo,

251 4661 338 4741 quod
355 4661 460 4723 dictus
484 4659 583 4723 laicus
608 4661 820 4724 dudum'ante
837 4663 974 4724 eandem
992 4662 1156 4724 mulierem
1174 4664 1232 4724 sibi
1250 4664 1510 4742 desponsaverat
1527 4673 1559 4722 et
1575 4661 1734 4722 stantibus
1747 4660 1801 4720 hu·

252 4769 389 4830 iusmodi
420 4769 626 4848 sponsalibus
651 4771 753 4849 ipsam
788 4771 1005 4850 irnpregnavit
1030 4782 1061 4831 et
1086 4781 1202 4850 postea
1227 4790 1298 4831 cum
1324 4773 1393 4848 ipsa
1419 4777 1537 4846 sponte
1562 4767 1799 4829 matrimonium

252 4877 423 4944 contraxit.
448 4877 536 4957 quod
561 4888 668 4938 autem
693 4879 798 4956 ipsum
824 4878 940 4940 nobilis
964 4878 1101 4940 Iacobus
1125 4879 1317 4956 verberavit,
1349 4877 1410 4937 hoc
1434 4875 1509 4935 iecit
1535 4885 1669 4952 propter
1693 4872 1800 4932 inobe-

252 4983 411 5044 dienciam
436 4995 469 5045 et
487 4983 706 5056 rebellionem,
732 4983 818 5064 quod
844 4988 987 5045 existens
1005 5005 1080 5046 suus
1097 4985 1245 5046 subditus
1262 4983 1362 5044 noluit
1380 4985 1487 5042 venire
1508 4981 1548 5041 ad
1566 4999 1638 5041 eum
1657 4990 1800 5054 vocatus.

252 5100 385 5170 etpost
410 5089 592 5152 huiusmodi
624 5095 865 5171 percussionem
898 5091 982 5152 idem
1009 5093 1107 5154 laicus
1132 5094 1235 5152 minas
1266 5093 1349 5168 ignis
1382 5088 1485 5149 eidem
1511 5087 1607 5148 nobili
1633 5086 1798 5157 inferebat,

253 5207 388 5277 propter
421 5199 508 5277 quod
534 5199 670 5259 eundem
704 5201 879 5279 captivavit
910 5210 943 5260 et
968 5220 1033 5259 non
1060 5210 1195 5279 propter
1226 5200 1434 5259 coaccionem
1467 5195 1662 5255 matrimonii
1686 5213 1800 5254 consu·

252 5305 373 5380 mandi;
398 5305 550 5385 probabit
575 5303 674 5367 laicus
698 5309 903 5368 coaccionem
929 5327 989 5386 pro
1015 5308 1118 5384 prima
1141 5305 1300 5368 dilacione
1326 5304 1464 5366 sabbato
1491 5303 1649 5380 proximo.

466 5496 507 5558 A.
538 5512 629 5578 1453,
653 5498 776 5578 Aprilis
803 5513 829 5578 5,
854 5502 884 5560 111
911 5498 1011 5560 Plock
1036 5500 1065 5559 in
1091 5502 1178 5559 curia
1203 5498 1389 5579 episcopali.

359 5619 423 5688 24.
447 5621 550 5704 (Acta
573 5625 670 5702 episc.
696 5623 750 5702 I)..
783 5625 817 5684 ln
843 5625 975 5686 domn..
1007 5623 1059 5684 dni
1085 5624 1180 5690 Pauli,
1213 5625 1359 5704 episcopi
1384 5621 1560 5692 Plocensis
1593 5619 1680 5680 etin
1706 5617 1802 5679 stuba

253 5728 325 5792 alba
349 5729 490 5792 inferiori
517 5729 693 5792 eiusdem..
719 5733 785 5793 dno
803 5733 904 5793 Paulo
928 5733 1087 5812 episcopo
1112 5731 1259 5790 Plocensi
1284 5729 1412 5810 prelato
1441 5746 1548 5787 cum..
1572 5725 1644 5786 dnis
1668 5723 1801 5803 prelatis

359 5870 415 5910 aa·
429 5867 580 5910 termnum.
595 5868 623 5908 111
954 5871 957 5878 ’
1680 5846 1697 5898 2
