4392 6672
814 656 993 708 ANNORUM
1013 653 1198 709 mon-1501.

436 871 479 936 A.
508 885 600 953 1501,
624 870 732 934 Martii
757 886 808 948 24,
832 870 863 932 in
887 867 1079 932 Mankolino
1102 871 1134 932 in
1157 867 1244 932 curia
1271 868 1458 949 episcopali.

333 994 421 1064 190.
445 997 545 1078 (Acta
569 997 667 1078 episc.
691 994 798 1077 Vlll..
823 995 942 1057 Rmon
967 995 1033 1058 dno
1050 995 1232 1057 Vincencio
1256 994 1295 1056 D.
1313 1013 1344 1076 g.
1361 995 1519 1076 episcopo
1543 995 1692 1059 Plocensi
1717 1018 1777 1077 pro

223 1106 373 1170 tribunali
397 1105 566 1167 sedente..
590 1103 703 1166 honor.
728 1103 883 1166 Andreas
907 1102 1094 1183 capellanus
1118 1103 1203 1165 curie
1221 1101 1417 1183 episcopalis
1441 1113 1474 1163 et
1490 1115 1682 1182 procurator
1705 1105 1779 1187 legi·

223 1214 321 1276 timus
344 1233 453 1276 vener.
477 1212 532 1273 dni
555 1209 681 1274 Nicolai
713 1211 754 1273 de
778 1209 914 1291 Lyczky
939 1210 1084 1272 canonici
1115 1219 1149 1271 et
1172 1209 1392 1291 procuratoris
1422 1229 1530 1273 vener.
1554 1211 1686 1291 capituli
1709 1211 1779 1274 Plo

225 1320 329 1383 censis
352 1329 386 1382 et
409 1319 516 1382 tocius
538 1318 782 1380 communitatis
806 1327 1019 1399 patronorum
1044 1315 1163 1379 oraculi
1195 1337 1219 1379 s.
1243 1315 1455 1379 Katherine..
1480 1319 1644 1381 accusavit
1668 1329 1779 1381 contu·

225 1429 361 1489 maciam
386 1425 541 1489 nobilium
566 1422 700 1506 Grabya
725 1426 765 1487 de
781 1425 895 1488 Mlicze
920 1435 953 1488 et
970 1423 1105 1487 Andree
1121 1426 1253 1488 Burnalr
1270 1425 1311 1487 de
1330 1423 1425 1506 Lang
1442 1443 1507 1486 non
1524 1423 1777 1506 producencium

226 1535 334 1596 omnia
358 1541 391 1594 et
415 1532 542 1614 singula
566 1533 643 1608 iura,
669 1533 835 1614 privilegia
860 1543 893 1594 et
917 1533 1126 1606 munimenta,
1151 1533 1264 1612 sique
1289 1535 1461 1595 occasione
1486 1534 1561 1594 iuris
1586 1541 1779 1614 patronatus

225 1641 343 1702 oraculi
368 1639 483 1720 prelati
508 1659 532 1702 s.
556 1638 736 1702 Katherine
760 1649 853 1702 extra
878 1659 988 1702 muros
1011 1638 1187 1702 Plocenses
1211 1639 1332 1702 habere
1356 1639 1564 1720 pretendunt,
1591 1641 1680 1702 etin
1704 1660 1778 1702 con·

226 1748 399 1810 tumaciam
424 1747 569 1828 ipsorum
593 1747 710 1827 petivit
734 1748 933 1810 sentenciam
959 1745 1161 1809 diffinitivam
1186 1746 1260 1809 ferri
1284 1756 1317 1810 et
1332 1748 1547 1828 pronunciari.
1572 1746 1623 1808 Ex
1640 1747 1779 1810 adverso

225 1863 455 1936 comparentes
478 1853 595 1935 prelati
620 1852 745 1916 nobiles
762 1864 850 1916 certa
867 1853 1035 1936 privilegia
1053 1854 1113 1917 sub
1131 1853 1231 1916 titulis
1247 1853 1412 1916 Illmorum
1430 1855 1611 1935 principum
1628 1855 1779 1927 Conradi,

226 1959 374 2034 Boleslai,
398 1960 552 2022 Kaaimiri
576 1973 610 2023 et
626 1961 779 2024 lobannis
795 1961 912 2022 ducum
930 1962 1078 2024 Mazovie
1093 1957 1352 2046 [produxeruntl
1377 1969 1530 2042 petentes
1546 1962 1607 2024 sibi
1623 1963 1779 2024 iusticiam

225 2061 306 2130 fieri,
324 2067 368 2132 Et
385 2068 489 2130 Rmus
506 2068 657 2130 dominus
674 2067 808 2150 prefatis
825 2069 1031 2148 privilegiis..
1057 2068 1230 2148 diligenter
1246 2069 1358 2130 revisis
1382 2078 1415 2130 et
1431 2079 1601 2148 comperto
1626 2079 1717 2132 certo
1734 2089 1779 2130 er·

225 2196 299 2238 rore
322 2179 354 2236 in
371 2175 485 2238 litteris
502 2177 675 2238 erectionis
691 2175 768 2238 dicti
784 2177 913 2249 oraculi,
938 2196 998 2256 pro
1015 2175 1140 2238 meliori
1157 2174 1420 2237 informacione..
1438 2185 1471 2237 et
1488 2177 1601 2237 iurium
1618 2177 1779 2238 revisione

227 2285 267 2346 ad
292 2279 410 2344 qnam
434 2303 526 2364 prox.
554 2294 630 2361 post
654 2282 861 2346 Conductum
887 2282 987 2345 Pasce
1010 2284 1053 2346 ad
1076 2283 1270 2345 sinodum
1296 2293 1330 2345 et
1346 2282 1524 2364 capitulum
1549 2284 1581 2346 in
1605 2281 1777 2344 Ploczkam

226 2391 423 2454 sentenciam
457 2391 670 2471 pronunciare
695 2391 865 2470 suspendit
896 2401 930 2453 et
952 2391 1125 2453 terminum
1150 2410 1259 2452 coram
1284 2410 1343 2452 sua
1366 2389 1452 2452 Rma
1475 2391 1535 2452 Pte
1566 2411 1627 2471 pro
1651 2389 1778 2471 prefata

227 2493 327 2560 [11⁶³
349 2507 426 2578 post
457 2496 652 2560 dominicam
689 2496 880 2561 Conductus
916 2498 1040 2560 Pasche
1072 2497 1219 2580 partibus
1252 2497 1388 2579 prefixit,
1425 2491 1484 2558 ubi
1511 2517 1569 2560 sua
1593 2497 1677 2558 Rma
1702 2496 1778 2559 Ptas

225 2605 337 2668 habita
360 2605 604 2667 consultacione
628 2624 700 2666 curn
725 2605 798 2667 dnis
815 2605 948 2686 prelatis
971 2616 1005 2668 et
1021 2607 1183 2667 canonicis
1207 2605 1344 2667 ecclesie
1360 2613 1394 2667 et
1410 2605 1542 2686 capituli
1560 2606 1607 2666 sui
1623 2604 1665 2678 id,
1689 2603 1778 2684 quod

226 2713 351 2776 iusticia
374 2711 551 2787 dictaverit,
575 2711 705 2776 faciet..

439 2905 482 2968 A.
510 2919 602 2986 1501,
626 2906 735 2970 Martii
761 2906 811 2984 28,
834 2907 866 2968 in
890 2905 1080 2970 Mankolino
1104 2907 1136 2968 in
1160 2910 1248 2970 curia
1273 2904 1459 2989 episcopali.

339 3027 424 3096 llll.
459 3030 557 3111 (Acta
589 3033 687 3112 episc.
711 3032 799 3111 lal..
835 3033 993 3096 Testes
1023 3033 1218 3114 infrascripti
1250 3054 1293 3097 ex
1323 3034 1553 3096 commissione
1584 3031 1693 3094 Rmi..
1725 3029 1779 3091 dni

225 3139 393 3202 Vincencii
416 3137 456 3200 D.
473 3159 504 3219 g.
529 3139 675 3220 episcopi
700 3139 865 3202 Plocensis
889 3161 988 3222 super
1011 3143 1084 3218 vita,
1110 3142 1254 3204 moribus
1278 3151 1311 3205 et
1331 3139 1491 3204 scandalis
1515 3139 1624 3201 iacobi
1649 3137 1778 3218 plebani

227 3247 259 3307 in
282 3245 450 3308 Blichowo
474 3245 583 3308 medio
607 3247 789 3309 iuramento
813 3249 938 3328 recepti
962 3257 996 3310 et
1019 3249 1206 3318 examinati,
1230 3259 1262 3311 et
1288 3250 1406 3330 primo:

333 3353 496 3417 Primus
520 3354 613 3416 testis
637 3354 797 3418 discretus
813 3353 969 3418 Nicolaus
985 3357 1122 3418 vicarius
1137 3357 1169 3418 in
1186 3355 1386 3419 Blichow0.¹
1404 3358 1655 3436 interrogatus.
1672 3362 1777 3416 utrum

227 3459 462 3524 incurabilitate
486 3461 616 3542 plebani
647 3465 680 3524 in
703 3461 870 3524 Blichowo
894 3462 1010 3543 aliquis
1033 3463 1305 3542 parochianorum
1337 3465 1368 3524 in
1393 3461 1560 3524 Blichowo
1584 3463 1652 3523 sine
1677 3478 1780 3522 sacra-

226 3569 345 3629 mentis
370 3577 403 3629 et
428 3565 645 3644 consessione,
670 3579 702 3631 et
727 3568 850 3650 parvuli
875 3571 944 3632 sine
969 3571 1174 3650 baptismate,
1198 3572 1385 3642 decesserit,
1417 3568 1593 3649 respondit,
1626 3566 1713 3647 quod
1738 3586 1779 3628 eo

227 3683 380 3754 presente
404 3673 510 3736 nullus
533 3675 602 3737 sine
626 3675 842 3758 confessione,
865 3679 1084 3750 sacramentis
1110 3699 1236 3741 necnon
1261 3698 1340 3758 puer
1364 3679 1433 3740 sine
1449 3677 1614 3758 baptismo
1630 3673 1779 3744 decessit,

227 3792 338 3862 preter
361 3801 459 3842 unum
484 3781 654 3844 Andream
678 3781 819 3864 Kansyk
843 3783 1054 3847 kmethonem
1080 3786 1110 3846 in
1134 3785 1309 3858 Blichowo,
1342 3787 1394 3866 qui
1420 3783 1560 3864 perierat
1588 3782 1673 3842 circa
1696 3779 1780 3842 festa

227 3886 416 3951 Natiuitatis
439 3888 505 3950 Dni
529 3899 563 3952 et
586 3900 735 3971 repertus
760 3900 810 3953 est
834 3891 919 3953 circa
943 3891 1025 3955 iesta
1049 3892 1150 3956 Pasce
1175 3903 1328 3967 mortuus,
1358 3891 1491 3954 dubium
1517 3889 1575 3951 luit
1598 3888 1639 3949 de
1664 3907 1713 3961 eo,
1738 3907 1779 3947 an

227 3996 443 4077 interemptus
466 4008 522 4060 aut
553 4019 595 4060 ex
618 3998 810 4061 inebrietate
835 4007 982 4060 mortuus
1006 4009 1064 4072 est,
1097 4020 1193 4080 quern
1217 3997 1376 4081 plebanus
1400 4006 1494 4060 extra
1517 3995 1708 4059 cimiterium
1732 4013 1779 4056 se·

228 4101 328 4183 pelire
343 4105 518 4168 mandavit.
543 4104 707 4186 Deposuit
723 4107 834 4178 eciam,
860 4106 948 4188 quod
965 4127 1046 4168 unus
1063 4128 1143 4188 puer
1159 4105 1299 4170 Simonis
1323 4105 1539 4170 tabernatoris
1554 4104 1596 4166 de
1612 4101 1780 4164 Blichowo

229 4209 287 4272 suit
313 4209 510 4292 baptisatus,
545 4221 745 4276 nontamen
777 4223 894 4276 unctus
925 4234 1018 4276 sacro
1049 4216 1202 4277 crismate
1233 4225 1266 4276 et
1289 4223 1436 4276 mortuus
1459 4220 1510 4274 est
1534 4212 1603 4274 sine
1627 4210 1780 4272 unctione

228 4317 400 4395 crismatis;
424 4319 502 4380 item
527 4319 606 4381 alius
631 4341 711 4401 puer
741 4323 772 4382 in
797 4319 1022 4383 Sanchoczino
1054 4322 1237 4402 baptisatus
1261 4331 1311 4384 est
1342 4329 1376 4382 et
1399 4321 1500 4382 eciam
1532 4319 1683 4380 crismate
1715 4336 1781 4377 non

228 4436 278 4486 est
302 4435 428 4506 unctus,
452 4426 572 4489 etiam
597 4427 726 4490 adultus
749 4437 807 4490 est.
833 4428 994 4510 Deposuit
1017 4430 1129 4503 eciam,
1161 4429 1247 4509 quod
1273 4429 1431 4510 plebanus
1454 4444 1618 4504 nunquam
1642 4423 1781 4503 imponit

228 4533 344 4594 crisma
375 4531 556 4596 insontem
587 4533 829 4614 baptismalem,
864 4556 925 4598 nec
957 4538 1059 4599 eciam
1091 4548 1227 4600 renovat
1258 4545 1461 4599 sacramenta
1492 4543 1525 4596 et
1549 4533 1624 4594 testi
1648 4529 1780 4602 inhibet,

230 4641 385 4720 quociens
409 4643 515 4723 ipsum
540 4644 571 4703 in
594 4643 659 4704 hoc
682 4645 856 4725 redarguit,
882 4645 1007 4708 dicens:
1039 4643 1124 4724 Quid
1149 4645 1200 4706 hic
1224 4645 1281 4707 tibi
1305 4645 1346 4706 ad
1371 4644 1440 4705 hec.
1473 4642 1553 4704 Item
1578 4641 1681 4702 eciam
1705 4647 1780 4700 sunt

227 4748 258 4807 in
285 4745 438 4827 parochia
462 4749 554 4810 multi
579 4753 738 4812 excessivi
763 4761 797 4813 et
820 4752 917 4832 aliqui
942 4773 960 4812 a
984 4752 1047 4814 Vll
1071 4756 1172 4824 annis,
1197 4752 1293 4832 aliqui
1318 4773 1335 4812 a
1359 4751 1416 4826 Vl,
1441 4749 1494 4829 qui
1518 4767 1584 4810 non
1607 4756 1682 4809 sunt
1706 4765 1780 4806 con-

227 4852 312 4926 fessi,
337 4875 420 4935 quos
444 4855 602 4936 plebanus
627 4878 691 4920 non
716 4860 978 4920 excommunicat
1002 4879 1109 4939 neque
1133 4859 1198 4920 dno
1223 4859 1391 4939 Episcopo
1414 4869 1469 4918 aut
1493 4875 1553 4918 suo
1576 4852 1704 4915 officiali
1728 4853 1769 4914 de

228 4962 366 5022 nunciat.
407 4962 568 5043 Deposuit
592 4967 686 5028 testis
710 4967 937 5048 interrogatus,
970 4967 1057 5046 quod
1081 4967 1217 5028 ecclesia
1248 4977 1297 5028 est
1321 4966 1459 5036 ruinosa,
1491 4982 1557 5024 non
1581 4971 1676 5030 tecta,
1708 4980 1780 5021 sere

226 5087 294 5129 non
316 5067 487 5146 habentur,
512 5071 669 5150 plebanus
694 5093 758 5134 non
782 5084 873 5136 curat
896 5073 1079 5144 reformare,
1111 5074 1230 5134 curiam
1256 5073 1358 5134 eciam
1383 5070 1587 5152 plebanalem
1611 5069 1780 5143 destruxit,

225 5177 332 5238 solum
356 5177 451 5238 unica
474 5179 571 5240 stuba
595 5180 686 5262 nigra
709 5183 787 5242 satis
812 5181 905 5254 mala,
929 5182 960 5242 in
978 5201 1042 5261 qua
1059 5179 1217 5262 plebanus
1241 5179 1325 5243 solet
1342 5179 1456 5242 sedere
1476 5187 1510 5240 et
1525 5177 1673 5239 dormire.
1699 5176 1780 5238 Item

225 5285 457 5364 interrogatus,
488 5305 529 5346 an
553 5295 661 5348 servat
685 5287 908 5362 concubinam,
940 5289 1117 5369 respondit,
1150 5289 1239 5367 quod
1262 5288 1322 5362 sic;
1353 5306 1425 5348 cum
1451 5305 1513 5366 qua
1538 5283 1638 5347 habet
1661 5281 1781 5346 multos

226 5411 356 5471 pueros,
381 5399 449 5453 tres
473 5412 593 5470 pueros
618 5403 726 5455 servat
749 5396 780 5455 in
806 5395 905 5456 domo
929 5407 963 5458 et
986 5395 1066 5457 alios
1090 5397 1122 5456 in
1139 5393 1222 5457 villis
1246 5403 1368 5471 servat;
1391 5393 1543 5472 deposuit
1560 5393 1662 5454 eciam
1679 5391 1781 5462 testie,

226 5499 315 5578 quod
340 5497 481 5580 quedam
505 5500 619 5561 mulier
642 5503 730 5563 venit
755 5521 827 5562 curn
853 5521 954 5581 puero
979 5511 1053 5562 ante
1078 5499 1341 5584 Carnisprivium,
1373 5519 1470 5582 quam
1496 5501 1598 5562 eciam
1622 5496 1780 5580 plebanus

224 5607 258 5666 in
283 5605 383 5668 domo
408 5616 525 5680 servat,
550 5609 664 5679 nescit,
687 5609 713 5669 si
738 5609 798 5670 sibi
822 5619 1009 5671 commanet
1033 5609 1211 5670 carnaliter.
1251 5607 1414 5691 Deposuit
1438 5608 1539 5670 eciam
1564 5605 1781 5686 testis,quod

224 5724 303 5779 sunt
325 5723 393 5782 tres
417 5714 494 5780 anni
518 5713 629 5803 elapsi,
661 5716 792 5800 quando
815 5715 886 5802 ipse
910 5715 1069 5801 plebanus
1100 5715 1142 5777 ab
1167 5712 1294 5782 Octava
1318 5716 1473 5800 Corporis
1496 5712 1616 5780 Christi
1638 5711 1780 5776 hostiam
