4392 6672
891 651 985 701 ACTA
1004 652 1127 702 IUDICII
1145 653 1282 702 ECCLES.
1302 653 1492 703 PLOCENSIS

733 745 818 750 -.-.—-
822 744 852 750 --
1396 743 1960 752 ——-—-—-—--——-———————

624 864 665 925 A.
695 879 786 944 1497,
810 863 953 944 Augusti
978 879 1030 934 21,
1055 865 1085 924 in
1110 863 1209 924 Plock
1233 865 1312 926 sede
1336 877 1480 926 vacante.

433 1027 437 1037 ·
522 985 608 1052 175.
633 987 729 1069 (Acta
755 991 851 1068 episc.
877 987 943 1068 Vl).
985 989 1072 1050 Acta
1096 991 1266 1068 presencia
1290 1001 1323 1052 ct
1348 989 1422 1052 olim
1448 988 1536 1050 Pauli
1560 1001 1592 1052 et
1618 989 1770 1049 Kazimiri
1795 989 1966 1069 episeopo-

410 1116 478 1157 rum
505 1094 707 1156 Plocensium
732 1096 763 1155 in
782 1095 907 1155 duobus
933 1094 1147 1156 voluminibus
1172 1117 1243 1156 cum
1262 1099 1359 1158 tertio
1377 1099 1627 1158 attestacionum
1653 1107 1727 1157 sunt
1744 1106 1965 1176 transportata

410 1203 450 1264 ad
476 1201 583 1263 Rdum
610 1213 736 1283 patrem
761 1202 859 1263 dnum
888 1201 1056 1262 Nicolaum
1082 1203 1122 1262 de
1147 1201 1325 1283 Bartlrnyki
1358 1215 1532 1276 cantorem,
1568 1202 1862 1264 administratorem
1888 1201 1965 1262 sede

409 1319 548 1370 vacante
573 1309 708 1370 ecclesie
733 1308 906 1378 Plocensis,
932 1329 988 1386 per
1013 1309 1124 1370 honor.
1148 1311 1245 1369 dnum
1271 1309 1440 1371 Nicolaum
1466 1309 1596 1370 Martini
1620 1307 1660 1370 de
1684 1309 1852 1370 Strozewo
1878 1316 1964 1368 nota-

413 1417 492 1476 rium
519 1414 594 1475 olim
621 1414 717 1476 Rdi..
742 1416 795 1474 dni
822 1414 907 1476 Petri
935 1415 972 1475 D.
999 1436 1028 1494 g.
1054 1417 1200 1496 episcopi
1225 1415 1424 1478 Plocensis..

625 1607 667 1668 A.
697 1607 880 1685 1499.1uln
907 1623 932 1686 5,
958 1608 988 1667 in
1014 1607 1140 1668 luniecz
1164 1611 1195 1668 in
1220 1611 1304 1670 curia
1330 1610 1516 1690 episcopali.

523 1727 611 1795 176.
635 1731 732 1811 (Acta
750 1733 848 1812 episc.
866 1731 970 1809 Vlli..
997 1731 1119 1792 llonor.
1138 1733 1305 1814 Zavyssha
1323 1733 1482 1814 plebanus
1499 1736 1528 1794 in
1548 1733 1804 1796 Sanchoczino..
1821 1751 1965 1794 coram..

412 1841 477 1901 dno
502 1837 683 1899 Vincencio
715 1837 754 1898 D.
779 1859 809 1918 g.
834 1840 992 1917 episcopo
1017 1839 1164 1900 Plocensi
1197 1851 1311 1901 contra
1334 1839 1447 1902 honor.
1472 1843 1570 1902 dnum
1596 1841 1766 1902 Abraham
1793 1839 1964 1919 plebanum

413 1952 444 2006 in
461 1947 575 2006 lunecz
600 1944 823 2024 factoremque
847 1944 946 2006 clavis
963 1945 1191 2025 lunyeczensis
1216 1959 1416 2026 conquestus
1440 1959 1522 2008 est..
1549 1949 1717 2028 quomodo
1743 1947 1816 2008 licet
1841 1947 1966 2006 decima

412 2073 564 2132 agrorum
597 2051 799 2113 desertorum
823 2051 856 2113 V
881 2072 1066 2112 mansorum
1099 2055 1129 2112 in
1154 2053 1227 2114 villa
1252 2051 1464 2115 Sarichoczka
1489 2053 1575 2116 Vola
1608 2075 1667 2132 pro
1693 2055 1806 2132 predio
1836 2072 1966 2113 conver-

414 2179 522 2220 sorum
547 2181 564 2218 a
590 2157 655 2218 XX
680 2158 732 2218 vel
756 2160 836 2218 eitra
860 2160 952 2218 annis
977 2162 1042 2220 cito
1067 2171 1143 2239 post
1167 2171 1317 2240 tempora
1342 2161 1516 2223 locacionis
1547 2158 1621 2222 ville
1645 2161 1792 2240 predicte
1822 2162 1889 2219 iure
1913 2178 1966 2240 pa-

413 2266 543 2328 rochiali
570 2277 601 2326 et
632 2265 760 2326 laudo
792 2267 999 2326 communi
1031 2268 1068 2326 in
1103 2267 1269 2328 diocesi
1306 2267 1506 2329 Plocensi
1541 2265 1691 2330 dudum
1725 2275 1894 2328 statuto
1926 2277 1965 2326 et

414 2373 651 2435 observato
682 2372 723 2432 ad
747 2371 919 2432 ecclesiam
952 2373 1130 2451 predictam
1163 2393 1254 2434 suam
1287 2375 1319 2434 in
1343 2372 1565 2435 Sanchoczino
1594 2385 1627 2436 et
1653 2383 1797 2435 rectores
1821 2373 1966 2434 eiusdem

415 2500 474 2558 pro
499 2489 648 2560 tempore
673 2481 854 2540 existentes
879 2479 1063 2558 pertinebat
1089 2491 1122 2541 et
1147 2481 1294 2560 pertinet,
1319 2482 1379 2562 ipsi
1405 2491 1548 2542 rectores
1571 2483 1708 2542 eandem
1735 2479 1966 2560 percipiebant,

414 2595 511 2666 prout
535 2587 605 2665 ipse
630 2605 800 2664 exponens
832 2606 850 2646 a
875 2596 1025 2665 tempore
1049 2589 1267 2648 assecucionis
1291 2589 1392 2668 ipsius
1416 2587 1551 2650 ecclesie
1576 2589 1786 2668 percipiebat,
1818 2589 1966 2668 percepit

414 2694 455 2754 ad
480 2699 629 2773 presens;
652 2701 761 2754 tamen
789 2670 932 2772 prelatus
956 2693 1039 2754 dnus
1055 2693 1224 2755 Abraham
1250 2715 1335 2756 anno
1360 2697 1500 2756 currenti
1524 2715 1584 2775 pro
1601 2696 1695 2758 dictis
1712 2697 1844 2756 decimis
1861 2697 1965 2774 ipsum

416 2799 737 2879 plebanum'moveri
761 2809 794 2861 et
818 2801 987 2880 inquietari
1011 2803 1229 2880 procuravit..
1256 2803 1426 2882 quominus
1450 2803 1535 2864 illam
1562 2804 1739 2884 possideat,
1767 2812 1885 2884 petens
1910 2823 1967 2882 per

415 2905 568 2966 Rmum..
593 2906 692 2967 dnum
717 2905 937 2986 pontificem..
962 2909 1002 2970 ad
1028 2907 1232 2988 probandum
1257 2909 1417 2970 admitti..
1442 2909 1485 2970 Et
1508 2909 1659 2970 dominus
1683 2910 1844 2972 admisit..

593 3180 596 3184 Ι
631 3099 671 3159 Α.
702 3115 791 3176 1499,
816 3098 884 3161 111111
909 3099 937 3174 8,
962 3103 992 3162 in
1018 3099 1143 3162 Iuniecz
1167 3101 1197 3160 in
1223 3101 1310 3162 curia
1334 3101 1519 3182 episcopali.

527 3219 612 3290 177.
638 3223 737 3303 (Acta
763 3225 861 3306 episc.
885 3224 963 3304 Vll).
990 3223 1107 3288 Coram
1133 3227 1227 3288 vobis
1252 3227 1371 3288 Rm0..
1396 3225 1461 3289 dno
1486 3226 1666 3288 Vincencio
1691 3227 1729 3288 D.
1754 3247 1785 3308 g.
1809 3231 1966 3308 episcopo

416 3331 565 3394 Plocensi
589 3341 649 3393 etc.
674 3351 737 3413 ego
763 3331 916 3392 Nicolaus
941 3331 1099 3413 plebanus
1124 3335 1154 3394 in
1172 3333 1351 3414 Vronyska
1374 3355 1533 3415 propono
1558 3355 1647 3414 pono
1672 3345 1706 3396 et
1722 3335 1830 3414 allego
1853 3345 1967 3396 contra

416 3437 557 3500 nobilem
582 3437 751 3520 Fredrych
775 3439 816 3500 de
835 3437 1021 3520 Vronyska,
1046 3441 1133 3518 quod
1158 3441 1227 3520 ipse
1252 3439 1394 3523 denegat
1419 3441 1523 3516 michi,
1548 3461 1588 3502 ne
1613 3462 1687 3502 mea
1711 3461 1832 3522 pecora
1856 3452 1888 3503 et
1913 3461 1967 3522 pe-

416 3547 516 3608 cudes
542 3555 751 3626 pascerentur
774 3565 845 3606 cum
871 3547 971 3625 ipsius
995 3548 1168 3626 pecoribus
1192 3549 1224 3608 in
1240 3549 1325 3628 agris
1350 3547 1546 3629 predialibus
1572 3569 1636 3610 non
1653 3549 1758 3610 solum
1775 3549 1884 3630 ipsius,
1909 3549 1967 3610 sed

417 3665 451 3715 et
474 3654 606 3714 alterius
630 3652 767 3722 heredis
800 3665 834 3714 ut
858 3663 909 3714 est
934 3654 1098 3715 modernis
1122 3655 1324 3732 temporibus
1349 3657 1588 3736 possessionem
1622 3655 1745 3717 habens
1772 3657 1801 3716 in
1827 3656 1875 3716 his
1899 3634 1969 3735 pre·

418 3760 476 3821 diis
500 3759 616 3821 nobilis
640 3759 754 3822 Petrus
778 3761 819 3821 de
844 3761 1008 3840 Kuchary,
1042 3762 1096 3840 qui
1120 3781 1185 3822 non
1209 3764 1412 3824 contravenit
1436 3765 1468 3823 in
1493 3764 1630 3843 pascuis,
1663 3763 1716 3823 ubi
1739 3765 1803 3823 mei
1827 3773 1969 3824 anteces-

418 3887 507 3930 sores
533 3866 662 3946 plebani
687 3869 718 3930 in
735 3868 857 3930 eisdem
875 3871 961 3950 agris
979 3868 1080 3950 predii
1098 3868 1278 3930 habuerunt
1303 3869 1483 3932 libertatem
1509 3869 1664 3950 pascendi
1688 3872 1832 3950 ipsorum
1850 3889 1969 3950 pecora

418 3985 451 4036 et
475 3985 511 4043 tu
535 3975 623 4036 solus
648 3977 716 4037 sine
740 3995 902 4037 consensu
928 3978 1082 4037 nominati
1116 3975 1201 4036 Petri
1224 3975 1422 4058 Kucharsky
1446 3977 1605 4039 suffocare
1629 3979 1677 4039 vis
1702 3978 1968 4038 consuetudinem

418 4083 472 4144 diu
496 4093 630 4158 tentam,
655 4104 754 4163 quare
779 4097 863 4162 rogo'
885 4083 922 4143 R.
948 4083 1041 4144 Ptem
1059 4082 1109 4156 V.,
1135 4094 1169 4144 ut
1185 4104 1258 4144 eum
1284 4083 1471 4164 compellat,
1498 4107 1537 4146 ue
1553 4085 1649 4146 michi
1674 4085 1855 4164 denegaret
1880 4084 1969 4145 liber·

419 4199 519 4252 tatem
545 4190 701 4270 pascendi
724 4191 756 4251 in
781 4189 898 4252 talibus
924 4191 1050 4269 prediis,
1076 4191 1163 4270 quod
1188 4192 1214 4250 si
1238 4201 1391 4272 negatum
1417 4191 1519 4264 fuerit,
1543 4191 1683 4272 probare
1708 4191 1852 4252 intende.

526 4297 607 4360 ltem
632 4309 746 4360 contra
777 4279 917 4360 eundem
950 4297 1116 4378 Fredrych
1150 4317 1309 4378 propon0,
1343 4300 1431 4378 quod
1456 4301 1526 4380 ipse
1557 4299 1680 4360 inhibet
1704 4299 1855 4360 omnibus
1880 4317 1971 4376 paro·

419 4405 548 4480 chianis‚
581 4407 747 4485 signanter
772 4405 843 4467 ville
868 4403 1055 4486 Vronyska,
1092 4404 1225 4466 liberum
1251 4407 1421 4466 transitum
1457 4406 1499 4467 ad
1531 4407 1699 4468 ecclesiam
1731 4409 1849 4467 circum
1875 4423 1971 4485 sepes

420 4513 536 4573 semita
560 4515 732 4584 communi,
765 4533 828 4594 que
853 4524 904 4574 est
928 4533 971 4574 ex
995 4513 1129 4591 antiquo
1153 4513 1230 4574 data
1262 4523 1294 4574 et
1318 4514 1438 4574 tradita
1469 4534 1526 4594 per
1550 4515 1801 4594 predecessores
1833 4512 1971 4574 heredes

421 4617 566 4680 anel
590 4621 670 4681 citra
701 4621 801 4690 annis
834 4631 866 4682 et
890 4619 953 4681 hoc
978 4639 1020 4680 ex
1045 4639 1093 4693 e0,
1126 4619 1200 4698 quia
1224 4620 1288 4680 suis
1313 4619 1514 4700 temporibus
1539 4641 1755 4701 sepenumero
1781 4617 1814 4682 fit
1838 4621 1889 4680 via
1913 4637 1972 4698 per

422 4723 527 4787 villam
552 4725 666 4798 lutosa,
696 4727 876 4805 periculosa
901 4737 933 4788 et
959 4726 1158 4805 permaxime
1183 4723 1329 4800 difficilis,
1362 4747 1458 4806 quam
1484 4727 1693 4788 tradicionem
1719 4728 1834 4788 semite
1858 4744 1971 4786 omnes

420 4831 471 4894 alii
503 4831 650 4894 moderni
684 4833 824 4894 heredes
856 4835 886 4894 111
917 4834 1003 4895 dicta
1037 4832 1213 4912 Vronyska
1245 4831 1431 4912 approbant
1464 4845 1496 4894 et
1529 4853 1588 4914 pro
1620 4832 1770 4894 laudabili
1802 4841 1971 4893 consuetu·

420 4941 494 5001 dine
526 4951 639 5002 tenent
670 4951 703 5001 et
734 4939 870 5009 habent,
902 4949 1044 5020 excepto
1075 4941 1148 5018 ipso
1180 4943 1232 5019 qui
1265 4950 1401 5002 conatur
1436 4939 1605 5014 sullocare,
1637 4940 1803 5002 destruere
1839 4951 1872 5000 et
1904 4959 1972 5019 per·

421 5048 496 5108 dere
529 5047 582 5108 diu
614 5058 738 5108 tentam
770 5045 1037 5107 consuetudinem
1075 5057 1107 5108 et
1140 5067 1205 5108 non
1238 5048 1342 5108 solum
1374 5047 1591 5128 parochianis,
1628 5047 1685 5108 sed
1721 5059 1754 5108 et
1786 5045 1880 5106 michi
1913 5043 1972 5106 soli

421 5151 565 5216 similiter
589 5153 711 5216 inhibet
735 5153 855 5215 habere
887 5152 1020 5214 liberum
1046 5155 1215 5216 transitum
1241 5155 1328 5217 dicta
1352 5156 1476 5225 semita,
1502 5153 1622 5214 faciens
1645 5165 1758 5216 contra
1790 5153 1972 5216 libertatem

421 5261 506 5332 cleri,
538 5264 592 5343 qui
617 5265 718 5322 eciam
744 5281 814 5321 sum
839 5262 942 5334 heres,
975 5263 1056 5322 sicut
1088 5265 1215 5342 etipse
1247 5263 1277 5322 in
1303 5261 1488 5342 Vronyslta,
1526 5281 1589 5340 que
1622 5263 1738 5322 semita
1769 5263 1884 5323 transit
1908 5279 1971 5320 non

421 5367 525 5432 solum
558 5387 616 5448 per
640 5370 739 5448 ipsius
763 5387 876 5449 agrum
911 5367 1094 5428 sedeciam
1127 5389 1186 5446 per
1209 5363 1341 5429 aliorum
1374 5368 1531 5430 heredum
1566 5388 1664 5448 agros
1695 5379 1728 5428 et
1759 5365 1818 5428 luit
1843 5385 1972 5445 semper

422 5477 503 5538 liber
526 5477 680 5537 transitus
705 5495 764 5554 per
787 5495 868 5546 eam,
894 5475 993 5536 eciam
1020 5495 1084 5536 non
1109 5476 1271 5546 obstante,
1296 5477 1384 5558 quod
1409 5477 1516 5558 aliqua
1540 5475 1701 5536 frumenta
1725 5476 1792 5536 sive
1816 5473 1973 5540 hiemalia,

423 5585 490 5645 sive
514 5581 658 5645 estivalis
684 5585 748 5645 sint
772 5584 929 5644 seminata
955 5583 1073 5644 ibidem
1099 5585 1217 5644 circum
1243 5603 1348 5665 sepes,
1372 5584 1447 5644 licet
1471 5603 1556 5644 anno
1580 5584 1724 5664 presenti
1748 5593 1798 5644 est
1822 5601 1900 5660 ager
1924 5601 1974 5640 va·

423 5711 500 5753 cuus
524 5690 605 5751 alias
628 5711 713 5770 agor.
739 5690 847 5772 Quare
871 5703 951 5770 peto
976 5711 1048 5751 eum
1067 5691 1218 5771 compelli
1244 5711 1300 5769 per
1318 5692 1357 5753 R.
1375 5691 1466 5752 l'tem
1484 5690 1531 5763 V,
1558 5709 1598 5750 ne
1615 5691 1687 5752 talis
1709 5690 1975 5750 observatissima
