4392 6672
417 691 461 753 44
653 621 667 648 t
899 673 992 723 ACl'A
1011 671 1134 723 lUDlCll
1152 671 1289 723 ECCLES.
1309 672 1494 723 PLOCENSIS

418 886 567 956 Mathias,
602 883 770 958 lohannes,
801 885 960 948 Martinus
992 897 1024 948 et
1049 883 1190 947 Michael
1213 883 1331 948 fratres
1353 885 1500 966 germani
1533 895 1567 947 et
1591 884 1755 966 patrueles
1778 884 1969 948 emethones

419 993 460 1056 de
485 993 638 1055 Coslowo
665 992 690 1052 ll
715 991 805 1054 dicas
829 1011 903 1054 cere
926 1002 1087 1060 tenentur,
1112 991 1267 1072 parochia
1291 993 1322 1052 in
1346 989 1619 1068 Przewodowo1l.

632 1185 673 1248 A.
704 1199 796 1266 1477,
821 1185 888 1246 Iulii
920 1201 965 1260 11,
990 1187 1019 1246 in
1045 1186 1239 1248 consistorio
1263 1183 1492 1250 Polthoviensi.

532 1305 618 1372 119.
644 1309 743 1388 (Acta
767 1306 849 1370 ulfic.
876 1307 963 1384 lV)..
988 1308 1023 1370 In
1048 1329 1146 1371 causa
1169 1309 1299 1372 discreti
1323 1307 1408 1371 Petri
1435 1306 1637 1390 Gytszinsky
1670 1327 1742 1368 curn
1766 1307 1878 1370 honor.
1904 1307 1968 1390 ple·

419 1415 506 1479 bano
531 1418 562 1477 in
583 1414 783 1497 Lysalrowo,
808 1435 887 1496 mgr.
906 1415 1020 1478 Petrus
1036 1415 1298 1478 reconveniendo
1322 1414 1483 1498 prefatum
1507 1413 1638 1477 Petrum
1663 1417 1835 1496 proposuit
1858 1425 1969 1478 contra

420 1542 493 1584 eum
518 1543 578 1603 pro
602 1543 651 1596 eo,
684 1524 758 1603 quia
782 1523 856 1582 dum
885 1521 941 1584 luit
965 1535 1148 1584 conventus
1174 1522 1214 1584 ad
1239 1521 1443 1585 serviendum
1471 1523 1502 1582 in
1528 1521 1664 1583 servicio
1687 1539 1744 1582 sue
1768 1521 1894 1596 vicarie,
1918 1541 1970 1583 ex·

420 1639 496 1689 tunc
521 1648 585 1689 non
610 1627 669 1690 luit
693 1629 829 1708 diligens
853 1631 884 1689 in
909 1649 971 1690 suo
995 1628 1110 1702 officio,
1142 1640 1175 1690 et
1199 1631 1305 1710 primo
1329 1649 1394 1690 non
1419 1627 1542 1691 audivit
1565 1626 1790 1690 confessiones
1821 1638 1971 1708 tempore

421 1734 610 1797 Nativitatis
635 1733 768 1812 Christi;
792 1737 868 1796 item
894 1735 981 1816 quod
1006 1757 1070 1796 non
1088 1735 1240 1798 officiavit
1266 1737 1356 1798 iuxta
1380 1755 1472 1798 suum
1497 1734 1639 1798 officium
1663 1733 1785 1796 alesto
1805 1733 1972 1796 Michaelis

422 1842 588 1922 usquead
613 1841 729 1904 lestum
755 1861 777 1902 s.
804 1841 985 1918 Elizabeth;
1017 1846 1093 1906 item
1119 1863 1179 1923 pro
1203 1864 1252 1912 eo,
1281 1843 1354 1924 quia
1379 1841 1487 1905 multis
1512 1842 1635 1904 vicibus
1658 1841 1835 1904 recedebat
1858 1841 1899 1904 ab
1924 1862 1972 1904 ec·

422 1950 521 2011 clesia
552 1969 617 2010 non
641 1947 751 2010 habita
777 1947 909 2010 licencia
933 1949 1063 2030 speciali
1096 1961 1129 2011 et
1154 1947 1227 2010 loco
1251 1952 1298 2011 sui
1324 1969 1389 2012 non
1413 1950 1573 2011 ordinavit
1596 1949 1733 2028 aliquem
1766 1958 1799 2010 et
1824 1948 1972 2010 tardabat

421 2055 594 2137 aliquando
618 2055 701 2118 duos
724 2057 802 2123 dies,
827 2055 1001 2135 aliquando
1025 2057 1106 2118 duas
1130 2057 1344 2136 septimanas;
1367 2058 1444 2118 item
1464 2076 1523 2136 pro
1540 2075 1590 2130 eo,
1615 2054 1702 2136 quod
1728 2053 1830 2120 noluit
1854 2075 1973 2135 pueros

422 2163 601 2244 baptisare;
631 2165 709 2224 item
735 2183 795 2242 pro
819 2183 867 2230 eo.
901 2165 974 2242 quia
999 2163 1186 2243 predicabat
1219 2163 1352 2225 verbum
1382 2163 1524 2224 divinum
1556 2160 1725 2224 clamando
1757 2173 1790 2224 et
1814 2163 1973 2244 signando

422 2291 520 2350 super
551 2269 734 2349 plebanum,
771 2269 901 2350 quando
934 2270 1087 2350 predixit;
1123 2271 1198 2332 item
1224 2269 1322 2332 libros
1355 2267 1484 2332 laniavit
1516 2279 1549 2332 et
1573 2269 1758 2350 passionem
1791 2270 1823 2330 in
1854 2270 1973 2332 missali

423 2374 641 2452 annichilavit;
676 2377 754 2437 item
786 2371 929 2438 armatus
961 2377 1093 2438 veniens
1125 2380 1156 2438 in
1180 2377 1311 2438 domum
1345 2376 1474 2457 plebani
1506 2396 1577 2439 cum
1603 2379 1715 2447 securi,
1747 2375 1825 2438 alias
1849 2375 1973 2448 bartho,

423 2485 526 2563 ipsum
552 2483 660 2545 verbis
690 2481 870 2544 inhonestis
902 2481 1138 2552 dehonestavit,
1171 2485 1273 2545 minas
1297 2485 1326 2544 ei
1350 2481 1528 2557 inferendo,
1560 2503 1650 2544 arma
1681 2479 1845 2545 volvendo
1876 2503 1975 2564 super

423 2599 522 2669 caput
545 2589 684 2669 plebani,
709 2601 741 2650 et
758 2589 826 2650 aliis
841 2587 949 2650 multis
974 2591 1096 2650 vicibus
1113 2590 1218 2669 ipsum
1236 2587 1455 2652 inhonestavit
1480 2599 1512 2652 et
1529 2589 1574 2651 ob
1599 2589 1662 2651 hoe
1686 2591 1790 2669 ipsum
1815 2588 1974 2670 plebanus

423 2699 464 2759 de
488 2697 624 2758 servicio
657 2696 834 2757 licenciavit
870 2705 903 2758 et
935 2697 979 2758 ob
1002 2696 1066 2758 hoc
1098 2697 1212 2777 petivit
1236 2697 1295 2759 sibi
1328 2697 1448 2759 cassari
1473 2697 1691 2778 provisionem
1725 2705 1860 2778 propter
1892 2695 1974 2758 tales

424 2804 651 2866 insolencias..

560 2975 564 2982 ⁴
638 2996 680 3058 A.
710 3011 800 3076 1477,
825 2993 979 3058 Octobris
1007 3013 1054 3068 10,
1077 2998 1109 3058 in
1134 2997 1327 3060 consistorio
1351 2996 1579 3060 Polthoviensi.

535 3117 621 3186 120.
650 3119 749 3200 (ncta
772 3119 857 3182 ossrc.
881 3119 948 3202 IV).
983 3121 1018 3184 In
1042 3141 1139 3184 causa
1163 3121 1299 3184 honeste
1323 3121 1465 3184 Barbare
1488 3123 1530 3184 de
1556 3119 1746 3186 Poltowsko
1777 3141 1850 3184 cum
1875 3119 1973 3182 nobili

425 3227 589 3290 Stanislao
614 3227 655 3289 de
680 3223 957 3308 Stawyeschewo,
982 3239 1190 3307 procuratore
1215 3227 1245 3288 in
1271 3225 1539 3309 Nowemyastho.
1566 3230 1725 3291 discretus
1750 3226 1896 3290 Thomas
1920 3225 1976 3289 So·

426 3333 601 3419 kolovvsky
634 3336 804 3414 proposuit
835 3341 949 3395 contra
973 3333 1113 3396 nobilem
1139 3356 1199 3414 pro
1223 3353 1272 3406 eo,
1305 3337 1379 3416 quia
1404 3335 1478 3396 dum
1504 3335 1574 3416 ipsa
1598 3335 1742 3398 Barbara
1773 3336 1834 3397 iter
1857 3335 1977 3415 agebat

426 3464 445 3505 a
470 3441 569 3503 nobili
594 3437 800 3523 Golczeoslry
825 3443 857 3501 in
881 3439 1070 3503 Poltowslro
1094 3439 1264 3522 completis
1295 3443 1436 3505 serviciis
1468 3443 1559 3504 iuxta
1583 3441 1849 3504 consuetudinem
1873 3462 1891 3504 a
1916 3453 1976 3504 ter·

427 3551 514 3610 mino
539 3547 730 3618 recedendo
755 3557 876 3609 extunc
901 3549 970 3629 ipse
995 3549 1109 3610 nobilis
1137 3569 1201 3610 non
1226 3548 1349 3610 habens
1373 3547 1513 3611 litteram
1545 3550 1586 3610 ad
1611 3569 1683 3612 eam
1709 3569 1848 3620 causam,
1872 3551 1976 3631 ipsam

427 3656 581 3738 spoliavit
605 3663 638 3716 et
662 3655 785 3735 recepit
809 3655 850 3716 de
874 3675 912 3715 ea
937 3656 1133 3736 tergistrum‚
1157 3657 1235 3718 alias
1262 3655 1365 3730 rabek,
1390 3659 1419 3717 in
1438 3657 1547 3718 valore
1572 3655 1620 3718 IV
1637 3677 1692 3736 gr..
1716 3657 1880 3718 camisiam
1904 3675 1976 3716 cum

427 3759 560 3824 collario
584 3761 616 3822 in
640 3761 750 3823 valore
774 3759 851 3822 VlIl
875 3783 930 3842 gr„
953 3761 1118 3842 aaposnyk
1141 3783 1201 3844 pro
1226 3763 1303 3825 Vlll
1320 3785 1376 3846 gr..
1401 3763 1496 3826 aliam
1515 3763 1680 3824 camisiam
1704 3763 1735 3824 in
1753 3763 1862 3825 valore
1878 3761 1906 3823 ll
1923 3783 1977 3842 gr..

427 3869 557 3930 bursam
583 3867 661 3928 alias
676 3867 817 3944 kyelnvk,
840 3867 1002 3930 cliomelka
1026 3879 1059 3931 et
1077 3868 1172 3952 [euml
1192 3869 1299 3951 peplo,
1324 3873 1465 3933 tunicam
1484 3871 1608 3950 nigram
1626 3889 1686 3951 pro
1705 3870 1812 3931 media
1835 3869 1977 3932 secunda

427 3994 593 4054 sexagena
618 3989 651 4036 et
675 3973 752 4036 Vlll
776 3997 832 4056 gr,
856 3986 973 4056 petens
997 3975 1148 4058 compelli
1172 3978 1213 4038 ad
1238 3979 1479 4040 restitucionem
1504 3979 1621 4038 iniuste
1646 3975 1861 4038 ablatorum..
1894 3975 1976 4038 Item

429 4081 599 4163 proposuit
633 4101 693 4162 pro
717 4101 765 4154 e0,
799 4083 872 4162 quia
904 4085 1008 4162 ipsam
1034 4085 1177 4162 ligatam,
1211 4085 1467 4166 compeditatam
1499 4083 1603 4146 tenuit
1634 4085 1666 4146 in
1691 4081 1863 4164 ergastulo
1899 4082 1978 4144 alias

429 4211 460 4250 w
483 4189 649 4268 aemnicay,
682 4189 763 4250 ultra
787 4189 828 4251 Ill
854 4191 923 4253 dies
947 4192 1032 4253 lame
1056 4193 1238 4264 cruciando,
1271 4192 1433 4254 extimans
1455 4190 1622 4252 infamiam
1647 4189 1687 4252 ad
1711 4188 1809 4252 XXX
1833 4189 1900 4252 flor.
1925 4211 1978 4272 pe·

429 4305 501 4358 tens
524 4295 677 4376 compelli
709 4298 748 4358 ad
774 4297 972 4361 solucionem
1001 4300 1175 4361 occasione
1200 4297 1330 4361 insamie
1362 4309 1394 4360 et
1419 4298 1600 4360 huiusmodi
1633 4297 1793 4360 cruciatus
1824 4297 1978 4377 corporis.

430 4401 535 4483 Super
558 4401 618 4463 hiis
641 4403 790 4466 omnibus
816 4405 932 4466 nobilis
956 4405 1095 4468 obtinuit
1120 4408 1291 4467 terminum
1317 4405 1578 4466 deliberator-ium
1603 4404 1644 4464 ad
1668 4405 1872 4484 quindenam.

538 4505 624 4574 121.
657 4510 806 4593 (Ibidem).
847 4511 883 4574 ln
908 4532 1003 4574 causa
1034 4513 1172 4575 honeste
1199 4511 1295 4574 Anne
1328 4511 1519 4574 miserabilis
1551 4529 1691 4592 persone
1723 4511 1764 4572 de
1791 4508 1978 4573 Poltowsko

428 4637 500 4678 cum
526 4617 626 4678 nobili
650 4616 811 4681 Stanislao
835 4621 877 4682 de
901 4617 1108 4682 Sweschewo
1133 4629 1344 4700 procuratore
1369 4621 1398 4679 in
1419 4617 1687 4702 Nowemyastho,
1711 4618 1870 4680 discretus
1893 4615 1979 4678 Tho·

428 4744 497 4786 mas
521 4737 712 4804 procurator
737 4728 834 4790 Anne
867 4731 1037 4808 proposuit
1070 4737 1184 4788 contra
1216 4727 1355 4788 nobilem
1390 4746 1450 4807 pro
1474 4746 1522 4800 eo,
1556 4727 1627 4806 quia
1655 4725 1695 4787 de
1720 4725 1862 4806 presenti
1893 4744 1978 4786 anno

428 4834 507 4894 citra
532 4831 650 4896 festum
674 4854 697 4894 s.
723 4833 940 4916 Margarethe,
971 4837 1046 4896 dum
1071 4837 1143 4915 ipsa
1167 4833 1266 4896 Anna
1291 4834 1348 4896 ivit
1371 4834 1411 4894 de
1436 4833 1560 4914 oppido
1584 4830 1728 4916 Syeprcz
1752 4832 1893 4914 peractis
1917 4849 1979 4892 sei·-

428 4939 518 5000 viciis
542 4939 582 5000 ad
599 4942 771 5002 terminum
797 4961 820 5004 s.
838 4941 990 5004 lohannis
1014 4943 1104 5004 iuxta
1129 4941 1490 5003 consuetudinem
1515 4941 1547 5000 in
1567 4941 1638 5021 ipsa
1664 4939 1830 5020 provincia
1854 4947 1978 5000 tentam

427 5053 460 5108 et
484 5045 528 5108 sic
552 5047 613 5108 iter
636 5049 765 5128 agendo
789 5049 959 5111 descendit
991 5051 1021 5108 in
1047 5033 1204 5130 oppidum
1230 5045 1489 5128 Nowemyastho
1522 5057 1660 5127 propter
1690 5045 1895 5127 disponenda
1918 5046 1978 5107 sibi

428 5155 575 5234 negocia,
606 5156 692 5219 idem
717 5157 834 5218 nobilis
859 5155 1071 5218 Stanislaus..
1097 5151 1224 5240 [ipsam]
1250 5155 1396 5228 detinuit,
1421 5156 1606 5235 captivavit,
1640 5157 1671 5216 in
1695 5156 1826 5235 cippum
1852 5153 1979 5214 reclusit

429 5281 486 5340 per
510 5271 575 5323 tres
599 5263 669 5324 dies
693 5261 775 5324 ultra
800 5277 832 5324 et
858 5263 1057 5341 imponendo
1082 5263 1233 5342 spoliavit
1257 5261 1455 5324 denudando
1480 5271 1513 5323 et
1529 5261 1723 5324 deducendo
1746 5281 1856 5326 coram
1881 5261 1979 5322 homi-

428 5368 522 5430 nibus
546 5389 607 5443 res,
633 5389 713 5450 quas
736 5368 856 5440 habuit,
882 5369 922 5431 ab
948 5390 986 5431 ea
1010 5371 1150 5450 recepit:
1174 5368 1334 5432 fertonem
1360 5369 1388 5430 in
1414 5369 1529 5431 mediis
1554 5390 1609 5450 gr,
1635 5368 1820 5432 linthiamen
1847 5389 1907 5450 pro
1924 5367 1981 5429 ser·

536 5615 554 5682 ¹)
574 5617 682 5680 Zapiska
702 5625 727 5666 tn
746 5627 884 5681 opntrzona
902 5617 950 5681 jest
970 5615 1153 5680 naglowlriem:
1176 5615 1255 5664 »Cera
1274 5613 1390 5676 obligata
1410 5614 1515 5663 ecclesie
1534 5615 1558 5662 iu
1579 5613 1750 5663 Polthowslr«.
1770 5613 1848 5662 Obolr
1861 5623 1920 5677 tego
1936 5629 1980 5662 na·

426 5704 526 5768 gldwlra
546 5717 571 5754 tn
591 5723 659 5754 sama
679 5707 739 5770 reka
759 5706 879 5770 wypisala
899 5706 1084 5769 drobnlejszem
1103 5705 1224 5769 pismem:
1245 5702 1414 5753 »homicide«.
