<?xml version="1.0" encoding="UTF-8"?>
<!DOCTYPE html PUBLIC "-//W3C//DTD XHTML 1.0 Transitional//EN"
    "http://www.w3.org/TR/xhtml1/DTD/xhtml1-transitional.dtd">
<html xmlns="http://www.w3.org/1999/xhtml" xml:lang="en" lang="en">
 <head>
  <title>
</title>
<meta http-equiv="Content-Type" content="text/html;charset=utf-8" />
  <meta name='ocr-system' content='tesseract 3.04.00' />
  <meta name='ocr-capabilities' content='ocr_page ocr_carea ocr_par ocr_line ocrx_word'/>
</head>
<body>
  <div class='ocr_page' id='page_1' title='image "actacapitulorum01czubgoog_0183.png"; bbox 0 0 4458 6674; ppageno 0'>
   <div class='ocr_carea' id='block_1_1' title="bbox 943 678 1814 763">
    <p class='ocr_par' dir='ltr' id='par_1_1' title="bbox 943 678 1814 763">
     <span class='ocr_line' id='line_1_1' title="bbox 943 678 1814 763; baseline 0.001 -31"><span class='ocrx_word' id='word_1_1' title='bbox 943 679 1033 732; x_wconf 78' lang='lat' dir='ltr'>auur</span> <span class='ocrx_word' id='word_1_2' title='bbox 1052 678 1129 736; x_wconf 83' lang='lat' dir='ltr'>asra</span> <span class='ocrx_word' id='word_1_3' title='bbox 1751 685 1814 763; x_wconf 85' lang='lat'>169</span> 
     </span>
    </p>
   </div>
   <div class='ocr_carea' id='block_1_2' title="bbox 256 891 1814 1188">
    <p class='ocr_par' dir='ltr' id='par_1_2' title="bbox 256 891 1814 1188">
     <span class='ocr_line' id='line_1_2' title="bbox 256 891 1814 974; baseline 0.003 -18"><span class='ocrx_word' id='word_1_4' title='bbox 256 893 342 958; x_wconf 88' lang='lat' dir='ltr'>bene</span> <span class='ocrx_word' id='word_1_5' title='bbox 364 895 487 958; x_wconf 87' lang='lat' dir='ltr'>iurasse</span> <span class='ocrx_word' id='word_1_6' title='bbox 511 903 545 956; x_wconf 92' lang='lat' dir='ltr'>et</span> <span class='ocrx_word' id='word_1_7' title='bbox 568 895 600 956; x_wconf 89' lang='lat' dir='ltr'>in</span> <span class='ocrx_word' id='word_1_8' title='bbox 615 893 682 957; x_wconf 90' lang='lat' dir='ltr'>vim</span> <span class='ocrx_word' id='word_1_9' title='bbox 707 891 850 955; x_wconf 89' lang='lat' dir='ltr'>melioris</span> <span class='ocrx_word' id='word_1_10' title='bbox 874 891 1081 974; x_wconf 88' lang='lat' dir='ltr'>probacionis</span> <span class='ocrx_word' id='word_1_11' title='bbox 1106 892 1262 974; x_wconf 90' lang='lat' dir='ltr'>produxit</span> <span class='ocrx_word' id='word_1_12' title='bbox 1285 903 1409 957; x_wconf 89' lang='lat' dir='ltr'>certum</span> <span class='ocrx_word' id='word_1_13' title='bbox 1434 895 1625 974; x_wconf 83' lang='lat' dir='ltr'>rescriptum</span> <span class='ocrx_word' id='word_1_14' title='bbox 1649 916 1814 960; x_wconf 91' lang='lat' dir='ltr'>commen·</span> 
     </span>
     <span class='ocr_line' id='line_1_3' title="bbox 257 999 1814 1082; baseline 0.002 -20"><span class='ocrx_word' id='word_1_15' title='bbox 257 1001 434 1064; x_wconf 88' lang='lat' dir='ltr'>suracionis</span> <span class='ocrx_word' id='word_1_16' title='bbox 464 1002 550 1063; x_wconf 90' lang='lat' dir='ltr'>dicte</span> <span class='ocrx_word' id='word_1_17' title='bbox 574 1021 650 1063; x_wconf 90' lang='lat' dir='ltr'>aree</span> <span class='ocrx_word' id='word_1_18' title='bbox 680 1021 723 1064; x_wconf 83' lang='lat' dir='ltr'>ex</span> <span class='ocrx_word' id='word_1_19' title='bbox 747 999 829 1062; x_wconf 91' lang='lat' dir='ltr'>libro</span> <span class='ocrx_word' id='word_1_20' title='bbox 851 1001 998 1062; x_wconf 84' lang='lat' dir='ltr'>terrestri</span> <span class='ocrx_word' id='word_1_21' title='bbox 1022 999 1339 1078; x_wconf 88' lang='lat' dir='ltr'>Czyechonoviensi,</span> <span class='ocrx_word' id='word_1_22' title='bbox 1372 1021 1434 1082; x_wconf 89' lang='lat' dir='ltr'>pro</span> <span class='ocrx_word' id='word_1_23' title='bbox 1457 1021 1520 1082; x_wconf 89' lang='lat' dir='ltr'>qua</span> <span class='ocrx_word' id='word_1_24' title='bbox 1544 1002 1661 1082; x_wconf 84' lang='lat' dir='ltr'>prelati</span> <span class='ocrx_word' id='word_1_25' title='bbox 1686 1003 1814 1066; x_wconf 88' lang='lat' dir='ltr'>nobiles</span> 
     </span>
     <span class='ocr_line' id='line_1_4' title="bbox 256 1105 1572 1188; baseline 0.003 -20"><span class='ocrx_word' id='word_1_26' title='bbox 256 1109 502 1185; x_wconf 87' lang='lat' dir='ltr'>conveniuntur;</span> <span class='ocrx_word' id='word_1_27' title='bbox 526 1105 688 1170; x_wconf 89' lang='lat' dir='ltr'>nobilibus</span> <span class='ocrx_word' id='word_1_28' title='bbox 710 1105 925 1170; x_wconf 80' lang='lat' dir='ltr'>offerentibus</span> <span class='ocrx_word' id='word_1_29' title='bbox 948 1126 983 1170; x_wconf 89' lang='lat' dir='ltr'>se</span> <span class='ocrx_word' id='word_1_30' title='bbox 1007 1108 1205 1188; x_wconf 81' lang='lat' dir='ltr'>probaturos</span> <span class='ocrx_word' id='word_1_31' title='bbox 1229 1108 1445 1170; x_wconf 85' lang='lat' dir='ltr'>intencionem</span> <span class='ocrx_word' id='word_1_32' title='bbox 1470 1127 1572 1172; x_wconf 89' lang='lat' dir='ltr'>suam.</span> 
     </span>
    </p>
   </div>
   <div class='ocr_carea' id='block_1_3' title="bbox 470 1297 1299 1380">
    <p class='ocr_par' dir='ltr' id='par_1_3' title="bbox 470 1297 1299 1380">
     <span class='ocr_line' id='line_1_5' title="bbox 470 1297 1299 1380; baseline 0.002 -20"><span class='ocrx_word' id='word_1_33' title='bbox 470 1298 512 1361; x_wconf 92' lang='lat' dir='ltr'>A.</span> <span class='ocrx_word' id='word_1_34' title='bbox 541 1312 632 1380; x_wconf 85' lang='lat'>1513,</span> <span class='ocrx_word' id='word_1_35' title='bbox 657 1298 765 1360; x_wconf 86' lang='lat' dir='ltr'>Martii</span> <span class='ocrx_word' id='word_1_36' title='bbox 795 1315 844 1376; x_wconf 88' lang='lat'>19,</span> <span class='ocrx_word' id='word_1_37' title='bbox 866 1301 899 1360; x_wconf 92' lang='lat' dir='ltr'>in</span> <span class='ocrx_word' id='word_1_38' title='bbox 923 1299 1118 1362; x_wconf 91' lang='lat' dir='ltr'>consistorio</span> <span class='ocrx_word' id='word_1_39' title='bbox 1142 1297 1299 1362; x_wconf 86' lang='lat' dir='ltr'>Pincensi.</span> 
     </span>
    </p>
   </div>
   <div class='ocr_carea' id='block_1_4' title="bbox 254 1419 1815 4815">
    <p class='ocr_par' dir='ltr' id='par_1_4' title="bbox 255 1419 1815 2571">
     <span class='ocr_line' id='line_1_6' title="bbox 364 1419 1813 1505; baseline 0.003 -19"><span class='ocrx_word' id='word_1_40' title='bbox 364 1419 454 1488; x_wconf 73' lang='lat'><strong>365.</strong></span> <span class='ocrx_word' id='word_1_41' title='bbox 478 1421 578 1502; x_wconf 74' lang='lat' dir='ltr'>(Acta</span> <span class='ocrx_word' id='word_1_42' title='bbox 600 1421 685 1485; x_wconf 84' lang='lat' dir='ltr'>olsrc.</span> <span class='ocrx_word' id='word_1_43' title='bbox 702 1422 750 1486; x_wconf 93' lang='lat' dir='ltr'>IV</span> <span class='ocrx_word' id='word_1_44' title='bbox 764 1421 825 1504; x_wconf 77' lang='lat' dir='ltr'>al..</span> <span class='ocrx_word' id='word_1_45' title='bbox 850 1423 884 1486; x_wconf 88' lang='lat' dir='ltr'>In</span> <span class='ocrx_word' id='word_1_46' title='bbox 902 1424 1002 1486; x_wconf 89' lang='lat' dir='ltr'>domo</span> <span class='ocrx_word' id='word_1_47' title='bbox 1026 1421 1080 1484; x_wconf 93' lang='lat' dir='ltr'>dni</span> <span class='ocrx_word' id='word_1_48' title='bbox 1097 1421 1253 1486; x_wconf 85' lang='lat' dir='ltr'>Officialis</span> <span class='ocrx_word' id='word_1_49' title='bbox 1277 1433 1310 1485; x_wconf 89' lang='lat' dir='ltr'>et</span> <span class='ocrx_word' id='word_1_50' title='bbox 1326 1424 1355 1484; x_wconf 94' lang='lat' dir='ltr'>in</span> <span class='ocrx_word' id='word_1_51' title='bbox 1373 1425 1543 1505; x_wconf 86' lang='lat' dir='ltr'>presencia</span> <span class='ocrx_word' id='word_1_52' title='bbox 1566 1427 1697 1490; x_wconf 89' lang='lat' dir='ltr'>testium</span> <span class='ocrx_word' id='word_1_53' title='bbox 1721 1425 1813 1490; x_wconf 83' lang='lat' dir='ltr'>infra-</span> 
     </span>
     <span class='ocr_line' id='line_1_7' title="bbox 256 1529 1813 1616; baseline 0.002 -24"><span class='ocrx_word' id='word_1_54' title='bbox 256 1530 450 1610; x_wconf 89' lang='lat' dir='ltr'>scriptorum</span> <span class='ocrx_word' id='word_1_55' title='bbox 474 1531 671 1594; x_wconf 88' lang='lat' dir='ltr'>constitutus</span> <span class='ocrx_word' id='word_1_56' title='bbox 702 1530 917 1611; x_wconf 89' lang='lat' dir='ltr'>personaliter</span> <span class='ocrx_word' id='word_1_57' title='bbox 940 1530 1145 1594; x_wconf 85' lang='lat' dir='ltr'>venerandus</span> <span class='ocrx_word' id='word_1_58' title='bbox 1170 1543 1263 1609; x_wconf 86' lang='lat' dir='ltr'>pater</span> <span class='ocrx_word' id='word_1_59' title='bbox 1287 1549 1367 1610; x_wconf 85' lang='lat' dir='ltr'>mgr.</span> <span class='ocrx_word' id='word_1_60' title='bbox 1393 1529 1540 1592; x_wconf 88' lang='lat' dir='ltr'>Thomas</span> <span class='ocrx_word' id='word_1_61' title='bbox 1562 1531 1604 1594; x_wconf 92' lang='lat' dir='ltr'>de</span> <span class='ocrx_word' id='word_1_62' title='bbox 1628 1529 1813 1616; x_wconf 85' lang='lat' dir='ltr'>Obidzyno,</span> 
     </span>
     <span class='ocr_line' id='line_1_8' title="bbox 256 1635 1813 1719; baseline 0.003 -21"><span class='ocrx_word' id='word_1_63' title='bbox 256 1645 370 1698; x_wconf 89' lang='lat' dir='ltr'>cantor</span> <span class='ocrx_word' id='word_1_64' title='bbox 393 1635 530 1700; x_wconf 86' lang='lat' dir='ltr'>ecclesie</span> <span class='ocrx_word' id='word_1_65' title='bbox 553 1635 749 1700; x_wconf 88' lang='lat' dir='ltr'>cathedralis</span> <span class='ocrx_word' id='word_1_66' title='bbox 766 1635 930 1700; x_wconf 88' lang='lat' dir='ltr'>Plocensis</span> <span class='ocrx_word' id='word_1_67' title='bbox 953 1647 987 1702; x_wconf 91' lang='lat' dir='ltr'>et</span> <span class='ocrx_word' id='word_1_68' title='bbox 1011 1647 1195 1717; x_wconf 89' lang='lat' dir='ltr'>exequutor</span> <span class='ocrx_word' id='word_1_69' title='bbox 1217 1639 1403 1700; x_wconf 87' lang='lat' dir='ltr'>testamenti</span> <span class='ocrx_word' id='word_1_70' title='bbox 1428 1636 1633 1719; x_wconf 82' lang='lat' dir='ltr'>infrascripti,</span> <span class='ocrx_word' id='word_1_71' title='bbox 1655 1659 1699 1702; x_wconf 86' lang='lat' dir='ltr'>ex</span> <span class='ocrx_word' id='word_1_72' title='bbox 1714 1641 1813 1704; x_wconf 88' lang='lat' dir='ltr'>certis</span> 
     </span>
     <span class='ocr_line' id='line_1_9' title="bbox 257 1743 1813 1827; baseline 0.003 -23"><span class='ocrx_word' id='word_1_73' title='bbox 257 1744 362 1806; x_wconf 84' lang='lat' dir='ltr'>causis</span> <span class='ocrx_word' id='word_1_74' title='bbox 392 1745 533 1806; x_wconf 91' lang='lat' dir='ltr'>animum</span> <span class='ocrx_word' id='word_1_75' title='bbox 566 1763 658 1806; x_wconf 89' lang='lat' dir='ltr'>suum</span> <span class='ocrx_word' id='word_1_76' title='bbox 693 1745 902 1806; x_wconf 91' lang='lat' dir='ltr'>moventibus</span> <span class='ocrx_word' id='word_1_77' title='bbox 931 1746 1032 1806; x_wconf 92' lang='lat' dir='ltr'>immo</span> <span class='ocrx_word' id='word_1_78' title='bbox 1063 1745 1104 1806; x_wconf 91' lang='lat' dir='ltr'>de</span> <span class='ocrx_word' id='word_1_79' title='bbox 1128 1743 1260 1826; x_wconf 89' lang='lat' dir='ltr'>speciali</span> <span class='ocrx_word' id='word_1_80' title='bbox 1291 1743 1446 1806; x_wconf 89' lang='lat' dir='ltr'>mandato</span> <span class='ocrx_word' id='word_1_81' title='bbox 1477 1743 1552 1806; x_wconf 86' lang='lat' dir='ltr'>Rmi</span> <span class='ocrx_word' id='word_1_82' title='bbox 1576 1744 1631 1806; x_wconf 92' lang='lat' dir='ltr'>dni</span> <span class='ocrx_word' id='word_1_83' title='bbox 1654 1744 1813 1827; x_wconf 88' lang='lat' dir='ltr'>Episcopi</span> 
     </span>
     <span class='ocr_line' id='line_1_10' title="bbox 256 1848 1813 1931; baseline 0.004 -21"><span class='ocrx_word' id='word_1_84' title='bbox 256 1848 422 1914; x_wconf 90' lang='lat' dir='ltr'>Plocensis</span> <span class='ocrx_word' id='word_1_85' title='bbox 452 1859 685 1914; x_wconf 90' lang='lat' dir='ltr'>testamentum</span> <span class='ocrx_word' id='word_1_86' title='bbox 708 1852 857 1931; x_wconf 88' lang='lat' dir='ltr'>superius</span> <span class='ocrx_word' id='word_1_87' title='bbox 888 1853 921 1914; x_wconf 90' lang='lat' dir='ltr'>in</span> <span class='ocrx_word' id='word_1_88' title='bbox 944 1853 1026 1914; x_wconf 90' lang='lat' dir='ltr'>actis</span> <span class='ocrx_word' id='word_1_89' title='bbox 1048 1860 1239 1914; x_wconf 89' lang='lat' dir='ltr'>contentum</span> <span class='ocrx_word' id='word_1_90' title='bbox 1271 1852 1412 1914; x_wconf 83' lang='lat' dir='ltr'>cassavit</span> <span class='ocrx_word' id='word_1_91' title='bbox 1444 1861 1476 1910; x_wconf 89' lang='lat' dir='ltr'>et</span> <span class='ocrx_word' id='word_1_92' title='bbox 1500 1853 1620 1914; x_wconf 89' lang='lat' dir='ltr'>cassari</span> <span class='ocrx_word' id='word_1_93' title='bbox 1653 1852 1755 1916; x_wconf 90' lang='lat' dir='ltr'>voluit</span> <span class='ocrx_word' id='word_1_94' title='bbox 1779 1864 1813 1918; x_wconf 92' lang='lat' dir='ltr'>et</span> 
     </span>
     <span class='ocr_line' id='line_1_11' title="bbox 257 1956 1814 2038; baseline 0.003 -20"><span class='ocrx_word' id='word_1_95' title='bbox 257 1975 393 2034; x_wconf 87' lang='lat' dir='ltr'>presens</span> <span class='ocrx_word' id='word_1_96' title='bbox 416 1976 476 2019; x_wconf 90' lang='lat' dir='ltr'>suo</span> <span class='ocrx_word' id='word_1_97' title='bbox 506 1969 540 2020; x_wconf 93' lang='lat' dir='ltr'>et</span> <span class='ocrx_word' id='word_1_98' title='bbox 569 1977 699 2020; x_wconf 90' lang='lat' dir='ltr'>suorum</span> <span class='ocrx_word' id='word_1_99' title='bbox 731 1967 1012 2038; x_wconf 89' lang='lat' dir='ltr'>coexequutorum</span> <span class='ocrx_word' id='word_1_100' title='bbox 1044 1957 1229 2020; x_wconf 88' lang='lat' dir='ltr'>nominibus</span> <span class='ocrx_word' id='word_1_101' title='bbox 1260 1956 1303 2018; x_wconf 90' lang='lat' dir='ltr'>ad</span> <span class='ocrx_word' id='word_1_102' title='bbox 1332 1967 1406 2019; x_wconf 90' lang='lat' dir='ltr'>acta</span> <span class='ocrx_word' id='word_1_103' title='bbox 1430 1959 1613 2022; x_wconf 89' lang='lat' dir='ltr'>consistorii</span> <span class='ocrx_word' id='word_1_104' title='bbox 1646 1959 1814 2022; x_wconf 87' lang='lat' dir='ltr'>Plocensis</span> 
     </span>
     <span class='ocr_line' id='line_1_12' title="bbox 255 2063 1814 2148; baseline 0.003 -24"><span class='ocrx_word' id='word_1_105' title='bbox 255 2065 434 2145; x_wconf 85' lang='lat' dir='ltr'>ingrossari</span> <span class='ocrx_word' id='word_1_106' title='bbox 465 2065 564 2144; x_wconf 90' lang='lat' dir='ltr'>peciit</span> <span class='ocrx_word' id='word_1_107' title='bbox 595 2076 629 2128; x_wconf 92' lang='lat' dir='ltr'>et</span> <span class='ocrx_word' id='word_1_108' title='bbox 660 2065 838 2128; x_wconf 81' lang='lat' dir='ltr'>secundmn</span> <span class='ocrx_word' id='word_1_109' title='bbox 871 2076 1020 2128; x_wconf 91' lang='lat' dir='ltr'>tenorem</span> <span class='ocrx_word' id='word_1_110' title='bbox 1052 2065 1305 2148; x_wconf 84' lang='lat' dir='ltr'>ingrossacionis</span> <span class='ocrx_word' id='word_1_111' title='bbox 1339 2063 1522 2126; x_wconf 89' lang='lat' dir='ltr'>huiusmodi</span> <span class='ocrx_word' id='word_1_112' title='bbox 1557 2084 1616 2146; x_wconf 91' lang='lat' dir='ltr'>per</span> <span class='ocrx_word' id='word_1_113' title='bbox 1648 2065 1814 2128; x_wconf 88' lang='lat' dir='ltr'>dominum</span> 
     </span>
     <span class='ocr_line' id='line_1_13' title="bbox 255 2169 1815 2253; baseline 0.002 -20"><span class='ocrx_word' id='word_1_114' title='bbox 255 2169 447 2234; x_wconf 83' lang='lat' dir='ltr'>confirmari.</span> <span class='ocrx_word' id='word_1_115' title='bbox 471 2169 514 2232; x_wconf 92' lang='lat' dir='ltr'>Et</span> <span class='ocrx_word' id='word_1_116' title='bbox 538 2171 690 2234; x_wconf 89' lang='lat' dir='ltr'>dominus</span> <span class='ocrx_word' id='word_1_117' title='bbox 713 2172 820 2252; x_wconf 89' lang='lat' dir='ltr'>ipsum</span> <span class='ocrx_word' id='word_1_118' title='bbox 844 2181 1077 2236; x_wconf 87' lang='lat' dir='ltr'>testamentum</span> <span class='ocrx_word' id='word_1_119' title='bbox 1102 2171 1354 2251; x_wconf 81' lang='lat' dir='ltr'>ingrossandum</span> <span class='ocrx_word' id='word_1_120' title='bbox 1379 2172 1472 2234; x_wconf 89' lang='lat' dir='ltr'>iussit</span> <span class='ocrx_word' id='word_1_121' title='bbox 1497 2172 1669 2250; x_wconf 88' lang='lat' dir='ltr'>ipsumque</span> <span class='ocrx_word' id='word_1_122' title='bbox 1684 2191 1728 2236; x_wconf 88' lang='lat' dir='ltr'>ex</span> <span class='ocrx_word' id='word_1_123' title='bbox 1742 2192 1815 2253; x_wconf 90' lang='lat' dir='ltr'>spe·</span> 
     </span>
     <span class='ocr_line' id='line_1_14' title="bbox 256 2274 1814 2358; baseline 0.003 -20"><span class='ocrx_word' id='word_1_124' title='bbox 256 2275 327 2338; x_wconf 87' lang='lat' dir='ltr'>ciali</span> <span class='ocrx_word' id='word_1_125' title='bbox 343 2276 574 2340; x_wconf 87' lang='lat' dir='ltr'>commissione</span> <span class='ocrx_word' id='word_1_126' title='bbox 592 2296 689 2358; x_wconf 87' lang='lat' dir='ltr'>super</span> <span class='ocrx_word' id='word_1_127' title='bbox 702 2277 765 2340; x_wconf 91' lang='lat' dir='ltr'>boc</span> <span class='ocrx_word' id='word_1_128' title='bbox 777 2296 796 2339; x_wconf 90' lang='lat' dir='ltr'>a</span> <span class='ocrx_word' id='word_1_129' title='bbox 808 2277 938 2357; x_wconf 86' lang='lat' dir='ltr'>prelato</span> <span class='ocrx_word' id='word_1_130' title='bbox 955 2277 1043 2340; x_wconf 90' lang='lat' dir='ltr'>Rmo</span> <span class='ocrx_word' id='word_1_131' title='bbox 1058 2275 1170 2340; x_wconf 86' lang='lat' dir='ltr'>habita</span> <span class='ocrx_word' id='word_1_132' title='bbox 1186 2274 1390 2340; x_wconf 87' lang='lat' dir='ltr'>confirmavit</span> <span class='ocrx_word' id='word_1_133' title='bbox 1407 2287 1440 2338; x_wconf 90' lang='lat' dir='ltr'>et</span> <span class='ocrx_word' id='word_1_134' title='bbox 1452 2277 1645 2341; x_wconf 84' lang='lat' dir='ltr'>irnmunitati</span> <span class='ocrx_word' id='word_1_135' title='bbox 1662 2279 1814 2344; x_wconf 89' lang='lat' dir='ltr'>ecclesia·</span> 
     </span>
     <span class='ocr_line' id='line_1_15' title="bbox 256 2383 1815 2464; baseline 0.003 -20"><span class='ocrx_word' id='word_1_136' title='bbox 256 2383 337 2446; x_wconf 90' lang='lat' dir='ltr'>stice</span> <span class='ocrx_word' id='word_1_137' title='bbox 360 2384 511 2463; x_wconf 81' lang='lat' dir='ltr'>ascripsit</span> <span class='ocrx_word' id='word_1_138' title='bbox 528 2383 718 2464; x_wconf 87' lang='lat' dir='ltr'>litterasque</span> <span class='ocrx_word' id='word_1_139' title='bbox 737 2385 908 2448; x_wconf 87' lang='lat' dir='ltr'>citacionis</span> <span class='ocrx_word' id='word_1_140' title='bbox 924 2394 958 2448; x_wconf 91' lang='lat' dir='ltr'>et</span> <span class='ocrx_word' id='word_1_141' title='bbox 974 2385 1147 2448; x_wconf 88' lang='lat' dir='ltr'>monitoria</span> <span class='ocrx_word' id='word_1_142' title='bbox 1171 2385 1354 2446; x_wconf 88' lang='lat' dir='ltr'>necessaria</span> <span class='ocrx_word' id='word_1_143' title='bbox 1370 2393 1485 2446; x_wconf 88' lang='lat' dir='ltr'>contra</span> <span class='ocrx_word' id='word_1_144' title='bbox 1501 2384 1667 2448; x_wconf 86' lang='lat' dir='ltr'>debitores</span> <span class='ocrx_word' id='word_1_145' title='bbox 1682 2396 1716 2448; x_wconf 89' lang='lat' dir='ltr'>et</span> <span class='ocrx_word' id='word_1_146' title='bbox 1733 2386 1815 2450; x_wconf 90' lang='lat' dir='ltr'>alios</span> 
     </span>
     <span class='ocr_line' id='line_1_16' title="bbox 256 2489 1814 2571; baseline 0.001 -19"><span class='ocrx_word' id='word_1_147' title='bbox 256 2499 406 2571; x_wconf 87' lang='lat' dir='ltr'>raptores</span> <span class='ocrx_word' id='word_1_148' title='bbox 429 2489 589 2554; x_wconf 89' lang='lat' dir='ltr'>bonorum</span> <span class='ocrx_word' id='word_1_149' title='bbox 613 2490 690 2552; x_wconf 90' lang='lat' dir='ltr'>dicti</span> <span class='ocrx_word' id='word_1_150' title='bbox 705 2492 874 2554; x_wconf 88' lang='lat' dir='ltr'>testatoris</span> <span class='ocrx_word' id='word_1_151' title='bbox 897 2491 940 2553; x_wconf 89' lang='lat' dir='ltr'>ad</span> <span class='ocrx_word' id='word_1_152' title='bbox 955 2492 1148 2554; x_wconf 85' lang='lat' dir='ltr'>instanciam</span> <span class='ocrx_word' id='word_1_153' title='bbox 1165 2489 1363 2571; x_wconf 87' lang='lat' dir='ltr'>prefatorum</span> <span class='ocrx_word' id='word_1_154' title='bbox 1381 2505 1619 2571; x_wconf 87' lang='lat' dir='ltr'>exequutorum</span> <span class='ocrx_word' id='word_1_155' title='bbox 1637 2493 1814 2556; x_wconf 89' lang='lat' dir='ltr'>decrevit..</span> 
     </span>
    </p>

    <p class='ocr_par' dir='ltr' id='par_1_5' title="bbox 363 2595 1809 2680">
     <span class='ocr_line' id='line_1_17' title="bbox 363 2595 1809 2680; baseline 0.002 -22"><span class='ocrx_word' id='word_1_156' title='bbox 363 2595 475 2660; x_wconf 92' lang='lat' dir='ltr'>Tenor</span> <span class='ocrx_word' id='word_1_157' title='bbox 504 2599 759 2661; x_wconf 86' lang='lat' dir='ltr'>testamenti</span> <span class='ocrx_word' id='word_1_158' title='bbox 794 2597 870 2658; x_wconf 91' lang='lat' dir='ltr'>olim</span> <span class='ocrx_word' id='word_1_159' title='bbox 896 2596 959 2660; x_wconf 89' lang='lat' dir='ltr'>Rdi</span> <span class='ocrx_word' id='word_1_160' title='bbox 984 2599 1086 2677; x_wconf 87' lang='lat' dir='ltr'>patris</span> <span class='ocrx_word' id='word_1_161' title='bbox 1108 2599 1164 2660; x_wconf 92' lang='lat' dir='ltr'>dni</span> <span class='ocrx_word' id='word_1_162' title='bbox 1188 2597 1357 2660; x_wconf 86' lang='lat' dir='ltr'>Michaelis</span> <span class='ocrx_word' id='word_1_163' title='bbox 1380 2596 1576 2677; x_wconf 80' lang='lat' dir='ltr'>suffraganei</span> <span class='ocrx_word' id='word_1_164' title='bbox 1603 2596 1809 2680; x_wconf 74' lang='lat' dir='ltr'>Plocensisll:</span> 
     </span>
    </p>

    <p class='ocr_par' dir='ltr' id='par_1_6' title="bbox 254 2702 1815 4815">
     <span class='ocr_line' id='line_1_18' title="bbox 366 2702 1814 2768; baseline 0.002 -4"><span class='ocrx_word' id='word_1_165' title='bbox 366 2703 400 2764; x_wconf 92' lang='lat' dir='ltr'>ln</span> <span class='ocrx_word' id='word_1_166' title='bbox 425 2705 556 2766; x_wconf 89' lang='lat' dir='ltr'>nomine</span> <span class='ocrx_word' id='word_1_167' title='bbox 579 2703 646 2766; x_wconf 91' lang='lat' dir='ltr'>Dni</span> <span class='ocrx_word' id='word_1_168' title='bbox 668 2723 772 2766; x_wconf 91' lang='lat' dir='ltr'>amen.</span> <span class='ocrx_word' id='word_1_169' title='bbox 796 2702 866 2768; x_wconf 90' lang='lat' dir='ltr'>Sub</span> <span class='ocrx_word' id='word_1_170' title='bbox 882 2723 969 2768; x_wconf 88' lang='lat' dir='ltr'>anno</span> <span class='ocrx_word' id='word_1_171' title='bbox 985 2703 1173 2768; x_wconf 83' lang='lat' dir='ltr'>Natiuitatis</span> <span class='ocrx_word' id='word_1_172' title='bbox 1197 2704 1340 2768; x_wconf 90' lang='lat' dir='ltr'>eiusdem</span> <span class='ocrx_word' id='word_1_173' title='bbox 1365 2703 1495 2766; x_wconf 89' lang='lat' dir='ltr'>MDXlI</span> <span class='ocrx_word' id='word_1_174' title='bbox 1519 2705 1699 2768; x_wconf 90' lang='lat' dir='ltr'>indiccione</span> <span class='ocrx_word' id='word_1_175' title='bbox 1715 2703 1814 2768; x_wconf 89' lang='lat' dir='ltr'><strong>XV..</strong></span> 
     </span>
     <span class='ocr_line' id='line_1_19' title="bbox 257 2805 1814 2892; baseline 0.001 -22"><span class='ocrx_word' id='word_1_176' title='bbox 257 2807 309 2870; x_wconf 90' lang='lat' dir='ltr'>die</span> <span class='ocrx_word' id='word_1_177' title='bbox 331 2829 411 2871; x_wconf 91' lang='lat' dir='ltr'>vero</span> <span class='ocrx_word' id='word_1_178' title='bbox 441 2805 528 2872; x_wconf 92' lang='lat' dir='ltr'>Solis</span> <span class='ocrx_word' id='word_1_179' title='bbox 550 2809 632 2872; x_wconf 88' lang='lat' dir='ltr'>XIX</span> <span class='ocrx_word' id='word_1_180' title='bbox 654 2831 695 2872; x_wconf 92' lang='lat' dir='ltr'>m.</span> <span class='ocrx_word' id='word_1_181' title='bbox 719 2807 924 2891; x_wconf 88' lang='lat' dir='ltr'>Septembris</span> <span class='ocrx_word' id='word_1_182' title='bbox 955 2821 1032 2892; x_wconf 92' lang='lat' dir='ltr'>post</span> <span class='ocrx_word' id='word_1_183' title='bbox 1064 2812 1234 2892; x_wconf 91' lang='lat' dir='ltr'>prandium</span> <span class='ocrx_word' id='word_1_184' title='bbox 1267 2813 1299 2874; x_wconf 92' lang='lat' dir='ltr'>in</span> <span class='ocrx_word' id='word_1_185' title='bbox 1322 2811 1423 2874; x_wconf 91' lang='lat' dir='ltr'>domo</span> <span class='ocrx_word' id='word_1_186' title='bbox 1457 2811 1519 2874; x_wconf 91' lang='lat' dir='ltr'>Rdi</span> <span class='ocrx_word' id='word_1_187' title='bbox 1544 2813 1646 2891; x_wconf 89' lang='lat' dir='ltr'>patris</span> <span class='ocrx_word' id='word_1_188' title='bbox 1678 2813 1732 2874; x_wconf 90' lang='lat' dir='ltr'>dni</span> <span class='ocrx_word' id='word_1_189' title='bbox 1756 2811 1814 2872; x_wconf 92' lang='lat' dir='ltr'>Mi-</span> 
     </span>
     <span class='ocr_line' id='line_1_20' title="bbox 256 2913 1814 2998; baseline 0.003 -24"><span class='ocrx_word' id='word_1_190' title='bbox 256 2913 375 2978; x_wconf 88' lang='lat' dir='ltr'>chaelis</span> <span class='ocrx_word' id='word_1_191' title='bbox 400 2915 438 2978; x_wconf 91' lang='lat' dir='ltr'>D.</span> <span class='ocrx_word' id='word_1_192' title='bbox 454 2937 484 2996; x_wconf 84' lang='lat' dir='ltr'>g.</span> <span class='ocrx_word' id='word_1_193' title='bbox 501 2918 648 2997; x_wconf 87' lang='lat' dir='ltr'>episcopi</span> <span class='ocrx_word' id='word_1_194' title='bbox 666 2916 941 2998; x_wconf 83' lang='lat' dir='ltr'>Margarithensis,</span> <span class='ocrx_word' id='word_1_195' title='bbox 965 2916 1160 2998; x_wconf 73' lang='lat' dir='ltr'>suffraganei</span> <span class='ocrx_word' id='word_1_196' title='bbox 1184 2929 1217 2980; x_wconf 89' lang='lat' dir='ltr'>et</span> <span class='ocrx_word' id='word_1_197' title='bbox 1232 2919 1379 2980; x_wconf 88' lang='lat' dir='ltr'>canonici</span> <span class='ocrx_word' id='word_1_198' title='bbox 1395 2915 1569 2990; x_wconf 79' lang='lat' dir='ltr'>Pincensia,</span> <span class='ocrx_word' id='word_1_199' title='bbox 1593 2927 1687 2981; x_wconf 82' lang='lat' dir='ltr'>extra</span> <span class='ocrx_word' id='word_1_200' title='bbox 1704 2937 1814 2980; x_wconf 90' lang='lat' dir='ltr'>muros</span> 
     </span>
     <span class='ocr_line' id='line_1_21' title="bbox 257 3021 1813 3108; baseline 0.001 -24"><span class='ocrx_word' id='word_1_201' title='bbox 257 3022 396 3084; x_wconf 89' lang='lat' dir='ltr'>civitatis</span> <span class='ocrx_word' id='word_1_202' title='bbox 420 3021 584 3088; x_wconf 88' lang='lat' dir='ltr'>Plocensis</span> <span class='ocrx_word' id='word_1_203' title='bbox 601 3025 661 3086; x_wconf 89' lang='lat' dir='ltr'>sita</span> <span class='ocrx_word' id='word_1_204' title='bbox 679 3025 711 3086; x_wconf 92' lang='lat' dir='ltr'>in</span> <span class='ocrx_word' id='word_1_205' title='bbox 728 3022 796 3086; x_wconf 88' lang='lat' dir='ltr'>sala</span> <span class='ocrx_word' id='word_1_206' title='bbox 812 3025 980 3104; x_wconf 89' lang='lat' dir='ltr'>superiori.</span> <span class='ocrx_word' id='word_1_207' title='bbox 1004 3021 1168 3106; x_wconf 89' lang='lat' dir='ltr'>Quoniam</span> <span class='ocrx_word' id='word_1_208' title='bbox 1185 3025 1377 3108; x_wconf 85' lang='lat' dir='ltr'>egritudinis</span> <span class='ocrx_word' id='word_1_209' title='bbox 1401 3023 1612 3087; x_wconf 89' lang='lat' dir='ltr'>vehemencia</span> <span class='ocrx_word' id='word_1_210' title='bbox 1634 3024 1813 3103; x_wconf 89' lang='lat' dir='ltr'>corporalis</span> 
     </span>
     <span class='ocr_line' id='line_1_22' title="bbox 256 3125 1813 3212; baseline 0.001 -22"><span class='ocrx_word' id='word_1_211' title='bbox 256 3128 341 3192; x_wconf 91' lang='lat' dir='ltr'>solet</span> <span class='ocrx_word' id='word_1_212' title='bbox 365 3125 555 3209; x_wconf 88' lang='lat' dir='ltr'>plerumque</span> <span class='ocrx_word' id='word_1_213' title='bbox 587 3131 746 3194; x_wconf 88' lang='lat' dir='ltr'>aracionis</span> <span class='ocrx_word' id='word_1_214' title='bbox 770 3132 899 3194; x_wconf 88' lang='lat' dir='ltr'>tramite</span> <span class='ocrx_word' id='word_1_215' title='bbox 930 3132 1113 3194; x_wconf 88' lang='lat' dir='ltr'>intantum</span> <span class='ocrx_word' id='word_1_216' title='bbox 1146 3143 1289 3194; x_wconf 88' lang='lat' dir='ltr'>mentem</span> <span class='ocrx_word' id='word_1_217' title='bbox 1324 3141 1483 3204; x_wconf 86' lang='lat' dir='ltr'>avertere,</span> <span class='ocrx_word' id='word_1_218' title='bbox 1516 3131 1604 3212; x_wconf 91' lang='lat' dir='ltr'>quod</span> <span class='ocrx_word' id='word_1_219' title='bbox 1629 3129 1748 3194; x_wconf 87' lang='lat' dir='ltr'>nedum</span> <span class='ocrx_word' id='word_1_220' title='bbox 1772 3135 1813 3192; x_wconf 89' lang='lat' dir='ltr'>de</span> 
     </span>
     <span class='ocr_line' id='line_1_23' title="bbox 256 3235 1815 3318; baseline 0.003 -22"><span class='ocrx_word' id='word_1_221' title='bbox 256 3235 499 3316; x_wconf 88' lang='lat' dir='ltr'>temporalibus,</span> <span class='ocrx_word' id='word_1_222' title='bbox 523 3255 637 3298; x_wconf 89' lang='lat' dir='ltr'>verum</span> <span class='ocrx_word' id='word_1_223' title='bbox 661 3239 763 3300; x_wconf 89' lang='lat' dir='ltr'>eciam</span> <span class='ocrx_word' id='word_1_224' title='bbox 789 3238 830 3300; x_wconf 90' lang='lat' dir='ltr'>de</span> <span class='ocrx_word' id='word_1_225' title='bbox 854 3257 890 3300; x_wconf 87' lang='lat' dir='ltr'>se</span> <span class='ocrx_word' id='word_1_226' title='bbox 913 3238 986 3318; x_wconf 89' lang='lat' dir='ltr'>ipso</span> <span class='ocrx_word' id='word_1_227' title='bbox 1010 3249 1043 3300; x_wconf 92' lang='lat' dir='ltr'>et</span> <span class='ocrx_word' id='word_1_228' title='bbox 1067 3237 1108 3299; x_wconf 91' lang='lat' dir='ltr'>de</span> <span class='ocrx_word' id='word_1_229' title='bbox 1133 3239 1240 3300; x_wconf 88' lang='lat' dir='ltr'>anima</span> <span class='ocrx_word' id='word_1_230' title='bbox 1264 3239 1425 3318; x_wconf 90' lang='lat' dir='ltr'>quispiam</span> <span class='ocrx_word' id='word_1_231' title='bbox 1450 3237 1634 3316; x_wconf 85' lang='lat' dir='ltr'>disponere,</span> <span class='ocrx_word' id='word_1_232' title='bbox 1663 3237 1815 3300; x_wconf 85' lang='lat' dir='ltr'>ordinare</span> 
     </span>
     <span class='ocr_line' id='line_1_24' title="bbox 256 3343 1814 3426; baseline 0.001 -22"><span class='ocrx_word' id='word_1_233' title='bbox 256 3361 313 3404; x_wconf 90' lang='lat' dir='ltr'>seu</span> <span class='ocrx_word' id='word_1_234' title='bbox 337 3343 510 3423; x_wconf 87' lang='lat' dir='ltr'>providere</span> <span class='ocrx_word' id='word_1_235' title='bbox 534 3363 601 3406; x_wconf 92' lang='lat' dir='ltr'>non</span> <span class='ocrx_word' id='word_1_236' title='bbox 624 3345 719 3418; x_wconf 89' lang='lat' dir='ltr'>valet,</span> <span class='ocrx_word' id='word_1_237' title='bbox 744 3353 880 3425; x_wconf 91' lang='lat' dir='ltr'>propter</span> <span class='ocrx_word' id='word_1_238' title='bbox 904 3345 993 3424; x_wconf 92' lang='lat' dir='ltr'>quod</span> <span class='ocrx_word' id='word_1_239' title='bbox 1017 3346 1092 3408; x_wconf 89' lang='lat' dir='ltr'>dum</span> <span class='ocrx_word' id='word_1_240' title='bbox 1117 3346 1149 3406; x_wconf 91' lang='lat' dir='ltr'>in</span> <span class='ocrx_word' id='word_1_241' title='bbox 1166 3356 1276 3407; x_wconf 90' lang='lat' dir='ltr'>mente</span> <span class='ocrx_word' id='word_1_242' title='bbox 1300 3345 1462 3410; x_wconf 87' lang='lat' dir='ltr'>sobrietas</span> <span class='ocrx_word' id='word_1_243' title='bbox 1486 3353 1537 3407; x_wconf 92' lang='lat' dir='ltr'>est</span> <span class='ocrx_word' id='word_1_244' title='bbox 1560 3356 1594 3407; x_wconf 90' lang='lat' dir='ltr'>et</span> <span class='ocrx_word' id='word_1_245' title='bbox 1618 3347 1650 3406; x_wconf 91' lang='lat' dir='ltr'>in</span> <span class='ocrx_word' id='word_1_246' title='bbox 1674 3363 1814 3426; x_wconf 88' lang='lat' dir='ltr'>corpore</span> 
     </span>
     <span class='ocr_line' id='line_1_25' title="bbox 257 3448 1811 3532; baseline 0.003 -21"><span class='ocrx_word' id='word_1_247' title='bbox 257 3449 357 3529; x_wconf 85' lang='lat' dir='ltr'>quies,</span> <span class='ocrx_word' id='word_1_248' title='bbox 381 3451 496 3513; x_wconf 88' lang='lat' dir='ltr'>melius</span> <span class='ocrx_word' id='word_1_249' title='bbox 520 3461 553 3514; x_wconf 94' lang='lat' dir='ltr'>et</span> <span class='ocrx_word' id='word_1_250' title='bbox 568 3448 727 3513; x_wconf 87' lang='lat' dir='ltr'>salubrius</span> <span class='ocrx_word' id='word_1_251' title='bbox 750 3451 933 3532; x_wconf 90' lang='lat' dir='ltr'>disponitur</span> <span class='ocrx_word' id='word_1_252' title='bbox 956 3471 994 3512; x_wconf 90' lang='lat' dir='ltr'>ac</span> <span class='ocrx_word' id='word_1_253' title='bbox 1010 3452 1108 3514; x_wconf 90' lang='lat' dir='ltr'>etiam</span> <span class='ocrx_word' id='word_1_254' title='bbox 1125 3449 1293 3514; x_wconf 88' lang='lat' dir='ltr'>ordinatur</span> <span class='ocrx_word' id='word_1_255' title='bbox 1316 3453 1428 3513; x_wconf 89' lang='lat' dir='ltr'>ultime</span> <span class='ocrx_word' id='word_1_256' title='bbox 1451 3452 1602 3514; x_wconf 90' lang='lat' dir='ltr'>iudicium</span> <span class='ocrx_word' id='word_1_257' title='bbox 1626 3449 1811 3526; x_wconf 88' lang='lat' dir='ltr'>voluntatis,</span> 
     </span>
     <span class='ocr_line' id='line_1_26' title="bbox 254 3557 1813 3639; baseline 0.003 -23"><span class='ocrx_word' id='word_1_258' title='bbox 254 3565 288 3620; x_wconf 88' lang='lat' dir='ltr'>et</span> <span class='ocrx_word' id='word_1_259' title='bbox 312 3557 388 3637; x_wconf 89' lang='lat' dir='ltr'>quia</span> <span class='ocrx_word' id='word_1_260' title='bbox 410 3577 509 3619; x_wconf 91' lang='lat' dir='ltr'>nemo</span> <span class='ocrx_word' id='word_1_261' title='bbox 544 3558 574 3618; x_wconf 94' lang='lat' dir='ltr'>in</span> <span class='ocrx_word' id='word_1_262' title='bbox 599 3577 697 3620; x_wconf 89' lang='lat' dir='ltr'>carne</span> <span class='ocrx_word' id='word_1_263' title='bbox 721 3559 848 3639; x_wconf 90' lang='lat' dir='ltr'>positus</span> <span class='ocrx_word' id='word_1_264' title='bbox 870 3559 955 3620; x_wconf 90' lang='lat' dir='ltr'>viam</span> <span class='ocrx_word' id='word_1_265' title='bbox 980 3567 1092 3638; x_wconf 90' lang='lat' dir='ltr'>potest</span> <span class='ocrx_word' id='word_1_266' title='bbox 1117 3557 1218 3620; x_wconf 89' lang='lat' dir='ltr'>ultimi</span> <span class='ocrx_word' id='word_1_267' title='bbox 1242 3559 1347 3620; x_wconf 89' lang='lat' dir='ltr'>iudicii</span> <span class='ocrx_word' id='word_1_268' title='bbox 1372 3559 1504 3630; x_wconf 88' lang='lat' dir='ltr'>evitare,</span> <span class='ocrx_word' id='word_1_269' title='bbox 1532 3562 1563 3618; x_wconf 92' lang='lat' dir='ltr'>in</span> <span class='ocrx_word' id='word_1_270' title='bbox 1588 3577 1655 3639; x_wconf 94' lang='lat' dir='ltr'>quo</span> <span class='ocrx_word' id='word_1_271' title='bbox 1678 3557 1813 3638; x_wconf 92' lang='lat' dir='ltr'>quilibet</span> 
     </span>
     <span class='ocr_line' id='line_1_27' title="bbox 256 3661 1813 3746; baseline 0.002 -22"><span class='ocrx_word' id='word_1_272' title='bbox 256 3664 359 3726; x_wconf 91' lang='lat' dir='ltr'>eciam</span> <span class='ocrx_word' id='word_1_273' title='bbox 391 3661 433 3726; x_wconf 89' lang='lat' dir='ltr'>de</span> <span class='ocrx_word' id='word_1_274' title='bbox 457 3663 550 3728; x_wconf 88' lang='lat' dir='ltr'>lactis</span> <span class='ocrx_word' id='word_1_275' title='bbox 574 3666 714 3746; x_wconf 91' lang='lat' dir='ltr'>propriis</span> <span class='ocrx_word' id='word_1_276' title='bbox 745 3665 929 3728; x_wconf 88' lang='lat' dir='ltr'>redditurus</span> <span class='ocrx_word' id='word_1_277' title='bbox 952 3675 1002 3728; x_wconf 89' lang='lat' dir='ltr'>est</span> <span class='ocrx_word' id='word_1_278' title='bbox 1026 3667 1198 3740; x_wconf 87' lang='lat' dir='ltr'>racionem,</span> <span class='ocrx_word' id='word_1_279' title='bbox 1229 3665 1349 3728; x_wconf 91' lang='lat' dir='ltr'>idcirco</span> <span class='ocrx_word' id='word_1_280' title='bbox 1372 3666 1568 3730; x_wconf 89' lang='lat' dir='ltr'>constitutus</span> <span class='ocrx_word' id='word_1_281' title='bbox 1600 3664 1813 3744; x_wconf 89' lang='lat' dir='ltr'>personaliter</span> 
     </span>
     <span class='ocr_line' id='line_1_28' title="bbox 256 3767 1812 3856; baseline 0.003 -26"><span class='ocrx_word' id='word_1_282' title='bbox 256 3767 381 3832; x_wconf 89' lang='lat' dir='ltr'>Rdus..</span> <span class='ocrx_word' id='word_1_283' title='bbox 406 3769 489 3834; x_wconf 93' lang='lat' dir='ltr'>dnus</span> <span class='ocrx_word' id='word_1_284' title='bbox 512 3769 652 3834; x_wconf 90' lang='lat' dir='ltr'>Michael</span> <span class='ocrx_word' id='word_1_285' title='bbox 675 3771 716 3834; x_wconf 93' lang='lat' dir='ltr'>D.</span> <span class='ocrx_word' id='word_1_286' title='bbox 732 3793 763 3853; x_wconf 85' lang='lat' dir='ltr'>g.</span> <span class='ocrx_word' id='word_1_287' title='bbox 787 3774 963 3854; x_wconf 90' lang='lat' dir='ltr'>episcopus</span> <span class='ocrx_word' id='word_1_288' title='bbox 987 3771 1264 3856; x_wconf 69' lang='lat' dir='ltr'>margar-irriensis,</span> <span class='ocrx_word' id='word_1_289' title='bbox 1288 3771 1510 3853; x_wconf 85' lang='lat' dir='ltr'>suffraganeus</span> <span class='ocrx_word' id='word_1_290' title='bbox 1533 3781 1567 3833; x_wconf 90' lang='lat' dir='ltr'>et</span> <span class='ocrx_word' id='word_1_291' title='bbox 1583 3771 1757 3834; x_wconf 88' lang='lat' dir='ltr'>canonicus</span> <span class='ocrx_word' id='word_1_292' title='bbox 1780 3772 1812 3834; x_wconf 95' lang='lat' dir='ltr'>in</span> 
     </span>
     <span class='ocr_line' id='line_1_29' title="bbox 256 3877 1812 3960; baseline 0 -20"><span class='ocrx_word' id='word_1_293' title='bbox 256 3877 393 3940; x_wconf 89' lang='lat' dir='ltr'>ecclesia</span> <span class='ocrx_word' id='word_1_294' title='bbox 426 3878 604 3942; x_wconf 89' lang='lat' dir='ltr'>cathedrali</span> <span class='ocrx_word' id='word_1_295' title='bbox 628 3879 785 3952; x_wconf 88' lang='lat' dir='ltr'>Plocensi,</span> <span class='ocrx_word' id='word_1_296' title='bbox 817 3899 916 3942; x_wconf 88' lang='lat' dir='ltr'>sanus</span> <span class='ocrx_word' id='word_1_297' title='bbox 939 3889 1049 3942; x_wconf 89' lang='lat' dir='ltr'>mente</span> <span class='ocrx_word' id='word_1_298' title='bbox 1073 3882 1194 3960; x_wconf 89' lang='lat' dir='ltr'>pariter</span> <span class='ocrx_word' id='word_1_299' title='bbox 1225 3891 1258 3940; x_wconf 89' lang='lat' dir='ltr'>et</span> <span class='ocrx_word' id='word_1_300' title='bbox 1282 3897 1420 3959; x_wconf 90' lang='lat' dir='ltr'>corpore</span> <span class='ocrx_word' id='word_1_301' title='bbox 1453 3879 1599 3942; x_wconf 83' lang='lat' dir='ltr'>existens</span> <span class='ocrx_word' id='word_1_302' title='bbox 1629 3889 1663 3939; x_wconf 89' lang='lat' dir='ltr'>et</span> <span class='ocrx_word' id='word_1_303' title='bbox 1686 3887 1812 3940; x_wconf 87' lang='lat' dir='ltr'>matura</span> 
     </span>
     <span class='ocr_line' id='line_1_30' title="bbox 255 3984 1812 4069; baseline 0 -23"><span class='ocrx_word' id='word_1_304' title='bbox 255 3984 493 4048; x_wconf 88' lang='lat' dir='ltr'>deliberacione</span> <span class='ocrx_word' id='word_1_305' title='bbox 517 3987 601 4050; x_wconf 88' lang='lat' dir='ltr'>intra</span> <span class='ocrx_word' id='word_1_306' title='bbox 624 4007 660 4049; x_wconf 91' lang='lat' dir='ltr'>se</span> <span class='ocrx_word' id='word_1_307' title='bbox 684 3987 864 4069; x_wconf 90' lang='lat' dir='ltr'>prehabita,</span> <span class='ocrx_word' id='word_1_308' title='bbox 888 3988 919 4048; x_wconf 93' lang='lat' dir='ltr'>in</span> <span class='ocrx_word' id='word_1_309' title='bbox 943 3988 1008 4050; x_wconf 91' lang='lat' dir='ltr'>mei</span> <span class='ocrx_word' id='word_1_310' title='bbox 1032 3989 1147 4050; x_wconf 91' lang='lat' dir='ltr'>notarii</span> <span class='ocrx_word' id='word_1_311' title='bbox 1170 3986 1291 4068; x_wconf 89' lang='lat' dir='ltr'>publici</span> <span class='ocrx_word' id='word_1_312' title='bbox 1315 3996 1348 4048; x_wconf 93' lang='lat' dir='ltr'>et</span> <span class='ocrx_word' id='word_1_313' title='bbox 1372 3987 1504 4048; x_wconf 88' lang='lat' dir='ltr'>testium</span> <span class='ocrx_word' id='word_1_314' title='bbox 1534 3985 1812 4066; x_wconf 84' lang='lat' dir='ltr'>intrascriptorum</span> 
     </span>
     <span class='ocr_line' id='line_1_31' title="bbox 256 4091 1811 4174; baseline -0.001 -20"><span class='ocrx_word' id='word_1_315' title='bbox 256 4095 427 4174; x_wconf 89' lang='lat' dir='ltr'>presencia</span> <span class='ocrx_word' id='word_1_316' title='bbox 450 4103 683 4156; x_wconf 88' lang='lat' dir='ltr'>testamentum</span> <span class='ocrx_word' id='word_1_317' title='bbox 708 4113 766 4156; x_wconf 89' lang='lat' dir='ltr'>seu</span> <span class='ocrx_word' id='word_1_318' title='bbox 789 4092 991 4158; x_wconf 88' lang='lat' dir='ltr'>voluntatem</span> <span class='ocrx_word' id='word_1_319' title='bbox 1016 4092 1160 4156; x_wconf 89' lang='lat' dir='ltr'>ultimam</span> <span class='ocrx_word' id='word_1_320' title='bbox 1185 4095 1226 4158; x_wconf 89' lang='lat' dir='ltr'>de</span> <span class='ocrx_word' id='word_1_321' title='bbox 1251 4093 1347 4154; x_wconf 87' lang='lat' dir='ltr'>rebus</span> <span class='ocrx_word' id='word_1_322' title='bbox 1370 4093 1471 4154; x_wconf 90' lang='lat' dir='ltr'>adno</span> <span class='ocrx_word' id='word_1_323' title='bbox 1496 4091 1569 4154; x_wconf 88' lang='lat' dir='ltr'>Deo</span> <span class='ocrx_word' id='word_1_324' title='bbox 1593 4093 1811 4172; x_wconf 91' lang='lat' dir='ltr'>omnipotenti</span> 
     </span>
     <span class='ocr_line' id='line_1_32' title="bbox 256 4197 1813 4282; baseline -0.001 -20"><span class='ocrx_word' id='word_1_325' title='bbox 256 4199 382 4263; x_wconf 90' lang='lat' dir='ltr'>collatis</span> <span class='ocrx_word' id='word_1_326' title='bbox 404 4200 558 4272; x_wconf 89' lang='lat' dir='ltr'>condidit,</span> <span class='ocrx_word' id='word_1_327' title='bbox 582 4199 743 4281; x_wconf 89' lang='lat' dir='ltr'>disposuit</span> <span class='ocrx_word' id='word_1_328' title='bbox 766 4211 800 4264; x_wconf 92' lang='lat' dir='ltr'>et</span> <span class='ocrx_word' id='word_1_329' title='bbox 823 4200 899 4264; x_wconf 88' lang='lat' dir='ltr'>lecit</span> <span class='ocrx_word' id='word_1_330' title='bbox 924 4203 955 4264; x_wconf 90' lang='lat' dir='ltr'>in</span> <span class='ocrx_word' id='word_1_331' title='bbox 979 4201 1072 4274; x_wconf 92' lang='lat' dir='ltr'>hunc,</span> <span class='ocrx_word' id='word_1_332' title='bbox 1104 4203 1160 4282; x_wconf 91' lang='lat' dir='ltr'>qui</span> <span class='ocrx_word' id='word_1_333' title='bbox 1183 4203 1330 4282; x_wconf 86' lang='lat' dir='ltr'>sequitur</span> <span class='ocrx_word' id='word_1_334' title='bbox 1354 4200 1501 4262; x_wconf 87' lang='lat' dir='ltr'>modum:</span> <span class='ocrx_word' id='word_1_335' title='bbox 1532 4197 1680 4278; x_wconf 90' lang='lat' dir='ltr'>inprimis</span> <span class='ocrx_word' id='word_1_336' title='bbox 1703 4207 1813 4280; x_wconf 87' lang='lat' dir='ltr'>prote·</span> 
     </span>
     <span class='ocr_line' id='line_1_33' title="bbox 255 4303 1812 4390; baseline -0.001 -22"><span class='ocrx_word' id='word_1_337' title='bbox 255 4317 360 4370; x_wconf 88' lang='lat' dir='ltr'>status</span> <span class='ocrx_word' id='word_1_338' title='bbox 385 4317 436 4370; x_wconf 90' lang='lat' dir='ltr'>est</span> <span class='ocrx_word' id='word_1_339' title='bbox 459 4305 643 4378; x_wconf 87' lang='lat' dir='ltr'>solenniter,</span> <span class='ocrx_word' id='word_1_340' title='bbox 669 4305 758 4390; x_wconf 89' lang='lat' dir='ltr'>quod</span> <span class='ocrx_word' id='word_1_341' title='bbox 782 4311 813 4370; x_wconf 92' lang='lat' dir='ltr'>in</span> <span class='ocrx_word' id='word_1_342' title='bbox 837 4306 901 4372; x_wconf 88' lang='lat' dir='ltr'>fide</span> <span class='ocrx_word' id='word_1_343' title='bbox 924 4307 1092 4380; x_wconf 86' lang='lat' dir='ltr'>catholica,</span> <span class='ocrx_word' id='word_1_344' title='bbox 1117 4327 1214 4388; x_wconf 87' lang='lat' dir='ltr'>quam</span> <span class='ocrx_word' id='word_1_345' title='bbox 1239 4327 1264 4369; x_wconf 93' lang='lat' dir='ltr'>s.</span> <span class='ocrx_word' id='word_1_346' title='bbox 1289 4304 1477 4370; x_wconf 88' lang='lat' dir='ltr'>universalis</span> <span class='ocrx_word' id='word_1_347' title='bbox 1501 4303 1637 4368; x_wconf 89' lang='lat' dir='ltr'>ecclesia</span> <span class='ocrx_word' id='word_1_348' title='bbox 1661 4303 1812 4368; x_wconf 90' lang='lat' dir='ltr'>Romana</span> 
     </span>
     <span class='ocr_line' id='line_1_34' title="bbox 255 4413 1811 4496; baseline -0.002 -20"><span class='ocrx_word' id='word_1_349' title='bbox 255 4424 356 4486; x_wconf 87' lang='lat' dir='ltr'>tenet,</span> <span class='ocrx_word' id='word_1_350' title='bbox 387 4417 477 4496; x_wconf 89' lang='lat' dir='ltr'>cupit</span> <span class='ocrx_word' id='word_1_351' title='bbox 501 4425 535 4478; x_wconf 88' lang='lat' dir='ltr'>et</span> <span class='ocrx_word' id='word_1_352' title='bbox 557 4415 722 4480; x_wconf 91' lang='lat' dir='ltr'>desiderat</span> <span class='ocrx_word' id='word_1_353' title='bbox 746 4417 841 4490; x_wconf 90' lang='lat' dir='ltr'>mori,</span> <span class='ocrx_word' id='word_1_354' title='bbox 873 4417 1002 4478; x_wconf 90' lang='lat' dir='ltr'>demum</span> <span class='ocrx_word' id='word_1_355' title='bbox 1027 4415 1306 4478; x_wconf 89' lang='lat' dir='ltr'>recommendavit</span> <span class='ocrx_word' id='word_1_356' title='bbox 1337 4425 1370 4476; x_wconf 90' lang='lat' dir='ltr'>et</span> <span class='ocrx_word' id='word_1_357' title='bbox 1393 4413 1639 4476; x_wconf 88' lang='lat' dir='ltr'>recommendat</span> <span class='ocrx_word' id='word_1_358' title='bbox 1670 4413 1811 4474; x_wconf 88' lang='lat' dir='ltr'>animam</span> 
     </span>
     <span class='ocr_line' id='line_1_35' title="bbox 256 4519 1812 4602; baseline -0.001 -20"><span class='ocrx_word' id='word_1_359' title='bbox 256 4539 346 4582; x_wconf 89' lang='lat' dir='ltr'>suam</span> <span class='ocrx_word' id='word_1_360' title='bbox 371 4523 586 4602; x_wconf 88' lang='lat' dir='ltr'>peccatricem</span> <span class='ocrx_word' id='word_1_361' title='bbox 603 4521 777 4586; x_wconf 86' lang='lat' dir='ltr'>Altissimo</span> <span class='ocrx_word' id='word_1_362' title='bbox 793 4523 940 4596; x_wconf 89' lang='lat' dir='ltr'>creatori,</span> <span class='ocrx_word' id='word_1_363' title='bbox 964 4523 1019 4602; x_wconf 90' lang='lat' dir='ltr'>qui</span> <span class='ocrx_word' id='word_1_364' title='bbox 1034 4541 1107 4585; x_wconf 92' lang='lat' dir='ltr'>eam</span> <span class='ocrx_word' id='word_1_365' title='bbox 1118 4521 1142 4602; x_wconf 63' lang='grc'>8)</span> <span class='ocrx_word' id='word_1_366' title='bbox 1166 4521 1296 4593; x_wconf 90' lang='lat' dir='ltr'>creavit,</span> <span class='ocrx_word' id='word_1_367' title='bbox 1320 4540 1358 4582; x_wconf 91' lang='lat' dir='ltr'>ac</span> <span class='ocrx_word' id='word_1_368' title='bbox 1375 4521 1562 4584; x_wconf 86' lang='lat' dir='ltr'>beatissime</span> <span class='ocrx_word' id='word_1_369' title='bbox 1580 4521 1694 4600; x_wconf 86' lang='lat' dir='ltr'>virgini</span> <span class='ocrx_word' id='word_1_370' title='bbox 1711 4519 1812 4580; x_wconf 89' lang='lat' dir='ltr'>Marie</span> 
     </span>
     <span class='ocr_line' id='line_1_36' title="bbox 255 4624 1811 4710; baseline -0.001 -21"><span class='ocrx_word' id='word_1_371' title='bbox 255 4629 380 4707; x_wconf 90' lang='lat' dir='ltr'>totique</span> <span class='ocrx_word' id='word_1_372' title='bbox 403 4627 517 4690; x_wconf 90' lang='lat' dir='ltr'>celesti</span> <span class='ocrx_word' id='word_1_373' title='bbox 539 4628 714 4710; x_wconf 88' lang='lat' dir='ltr'>gerarcbie,</span> <span class='ocrx_word' id='word_1_374' title='bbox 747 4649 866 4709; x_wconf 89' lang='lat' dir='ltr'>corpus</span> <span class='ocrx_word' id='word_1_375' title='bbox 891 4647 969 4692; x_wconf 90' lang='lat' dir='ltr'>vero</span> <span class='ocrx_word' id='word_1_376' title='bbox 1000 4647 1094 4690; x_wconf 89' lang='lat' dir='ltr'>suum</span> <span class='ocrx_word' id='word_1_377' title='bbox 1118 4627 1283 4708; x_wconf 88' lang='lat' dir='ltr'>sepulture</span> <span class='ocrx_word' id='word_1_378' title='bbox 1314 4629 1346 4688; x_wconf 93' lang='lat' dir='ltr'>in</span> <span class='ocrx_word' id='word_1_379' title='bbox 1370 4628 1510 4692; x_wconf 89' lang='lat' dir='ltr'>ecclesia</span> <span class='ocrx_word' id='word_1_380' title='bbox 1541 4624 1717 4690; x_wconf 87' lang='lat' dir='ltr'>cathedrali</span> <span class='ocrx_word' id='word_1_381' title='bbox 1742 4625 1811 4688; x_wconf 87' lang='lat' dir='ltr'>Plo·</span> 
     </span>
     <span class='ocr_line' id='line_1_37' title="bbox 255 4732 1811 4815; baseline 0.001 -21"><span class='ocrx_word' id='word_1_382' title='bbox 255 4736 344 4798; x_wconf 87' lang='lat' dir='ltr'>censi</span> <span class='ocrx_word' id='word_1_383' title='bbox 374 4737 407 4797; x_wconf 93' lang='lat' dir='ltr'>in</span> <span class='ocrx_word' id='word_1_384' title='bbox 431 4733 554 4814; x_wconf 88' lang='lat' dir='ltr'>capella</span> <span class='ocrx_word' id='word_1_385' title='bbox 578 4737 869 4800; x_wconf 90' lang='lat' dir='ltr'>mansionariorum</span> <span class='ocrx_word' id='word_1_386' title='bbox 900 4736 1088 4800; x_wconf 86' lang='lat' dir='ltr'>beatissime</span> <span class='ocrx_word' id='word_1_387' title='bbox 1121 4735 1253 4815; x_wconf 85' lang='lat' dir='ltr'>virginis</span> <span class='ocrx_word' id='word_1_388' title='bbox 1276 4733 1379 4796; x_wconf 89' lang='lat' dir='ltr'>Marie</span> <span class='ocrx_word' id='word_1_389' title='bbox 1402 4732 1523 4796; x_wconf 91' lang='lat' dir='ltr'>ibidem</span> <span class='ocrx_word' id='word_1_390' title='bbox 1546 4735 1615 4796; x_wconf 83' lang='lat' dir='ltr'>sita</span> <span class='ocrx_word' id='word_1_391' title='bbox 1648 4734 1731 4798; x_wconf 92' lang='lat' dir='ltr'>Item</span> <span class='ocrx_word' id='word_1_392' title='bbox 1757 4733 1811 4794; x_wconf 92' lang='lat' dir='ltr'>im·</span> 
     </span>
    </p>
   </div>
   <div class='ocr_carea' id='block_1_5' title="bbox 259 4857 561 4866">
    <p class='ocr_par' dir='ltr' id='par_1_7' title="bbox 259 4857 561 4866">
     <span class='ocr_line' id='line_1_38' title="bbox 259 4857 561 4866; baseline 0 -2"><span class='ocrx_word' id='word_1_393' title='bbox 259 4857 511 4866; x_wconf 62' lang='grc'>....,..--.--....,..</span> <span class='ocrx_word' id='word_1_394' title='bbox 520 4859 561 4864; x_wconf 76' lang='lat'>.-.-</span> 
     </span>
    </p>
   </div>
   <div class='ocr_carea' id='block_1_6' title="bbox 254 4907 1813 5782">
    <p class='ocr_par' dir='ltr' id='par_1_8' title="bbox 254 4907 1813 5692">
     <span class='ocr_line' id='line_1_39' title="bbox 363 4907 1813 4977; baseline -0.001 -18"><span class='ocrx_word' id='word_1_395' title='bbox 363 4908 382 4976; x_wconf 90' lang='lat'>¹)</span> <span class='ocrx_word' id='word_1_396' title='bbox 399 4911 479 4962; x_wconf 82' lang='lat' dir='ltr'>Tekst</span> <span class='ocrx_word' id='word_1_397' title='bbox 491 4921 551 4976; x_wconf 83' lang='lat' dir='ltr'>tego</span> <span class='ocrx_word' id='word_1_398' title='bbox 566 4919 716 4960; x_wconf 80' lang='lat' dir='ltr'>testamenta</span> <span class='ocrx_word' id='word_1_399' title='bbox 734 4912 926 4977; x_wconf 80' lang='lat' dir='ltr'>pomieszceony</span> <span class='ocrx_word' id='word_1_400' title='bbox 939 4909 1018 4962; x_wconf 76' lang='lat' dir='ltr'>costel</span> <span class='ocrx_word' id='word_1_401' title='bbox 1036 4928 1059 4960; x_wconf 83' lang='lat' dir='ltr'><strong>w</strong></span> <span class='ocrx_word' id='word_1_402' title='bbox 1073 4909 1174 4976; x_wconf 70' lang='lat' dir='ltr'>hsiqdze</span> <span class='ocrx_word' id='word_1_403' title='bbox 1186 4909 1384 4976; x_wconf 84' lang='lat' dir='ltr'>honsystorskiej</span> <span class='ocrx_word' id='word_1_404' title='bbox 1397 4909 1454 4958; x_wconf 76' lang='lat' dir='ltr'>dus</span> <span class='ocrx_word' id='word_1_405' title='bbox 1468 4925 1533 4975; x_wconf 81' lang='lat' dir='ltr'>razy.</span> <span class='ocrx_word' id='word_1_406' title='bbox 1551 4907 1674 4974; x_wconf 83' lang='lat' dir='ltr'>Pierwsry</span> <span class='ocrx_word' id='word_1_407' title='bbox 1687 4909 1754 4959; x_wconf 84' lang='lat' dir='ltr'>tekst</span> <span class='ocrx_word' id='word_1_408' title='bbox 1767 4907 1813 4976; x_wconf 80' lang='lat' dir='ltr'>(A)</span> 
     </span>
     <span class='ocr_line' id='line_1_40' title="bbox 254 4997 1812 5072; baseline -0.003 -22"><span class='ocrx_word' id='word_1_409' title='bbox 254 5001 334 5052; x_wconf 75' lang='lat' dir='ltr'>anstai</span> <span class='ocrx_word' id='word_1_410' title='bbox 352 4999 538 5066; x_wconf 78' lang='lat' dir='ltr'>przekreslony,</span> <span class='ocrx_word' id='word_1_411' title='bbox 557 5017 573 5048; x_wconf 78' lang='lat' dir='ltr'>a</span> <span class='ocrx_word' id='word_1_412' title='bbox 592 4998 776 5065; x_wconf 74' lang='lat' dir='ltr'>praekresleuie</span> <span class='ocrx_word' id='word_1_413' title='bbox 795 4999 918 5066; x_wconf 77' lang='lat' dir='ltr'>tlumaczy</span> <span class='ocrx_word' id='word_1_414' title='bbox 936 4999 1100 5072; x_wconf 73' lang='lat' dir='ltr'>nastepnjqcy</span> <span class='ocrx_word' id='word_1_415' title='bbox 1119 4997 1291 5064; x_wconf 80' lang='lat' dir='ltr'>wspdlczesny</span> <span class='ocrx_word' id='word_1_416' title='bbox 1309 4997 1429 5064; x_wconf 85' lang='lat' dir='ltr'>dopisek:</span> <span class='ocrx_word' id='word_1_417' title='bbox 1451 4998 1508 5045; x_wconf 72' lang='lat' dir='ltr'>»De</span> <span class='ocrx_word' id='word_1_418' title='bbox 1521 4997 1643 5045; x_wconf 79' lang='lat' dir='ltr'>mandato</span> <span class='ocrx_word' id='word_1_419' title='bbox 1661 4998 1747 5048; x_wconf 83' lang='lat' dir='ltr'>Rmt..</span> <span class='ocrx_word' id='word_1_420' title='bbox 1768 4999 1812 5047; x_wconf 89' lang='lat' dir='ltr'>dui</span> 
     </span>
     <span class='ocr_line' id='line_1_41' title="bbox 256 5087 1812 5156; baseline -0.001 -16"><span class='ocrx_word' id='word_1_421' title='bbox 256 5089 353 5140; x_wconf 79' lang='lat' dir='ltr'>Erasmi</span> <span class='ocrx_word' id='word_1_422' title='bbox 371 5090 485 5156; x_wconf 87' lang='lat' dir='ltr'>episcopi</span> <span class='ocrx_word' id='word_1_423' title='bbox 506 5088 636 5139; x_wconf 84' lang='lat' dir='ltr'>Placensis</span> <span class='ocrx_word' id='word_1_424' title='bbox 660 5105 764 5154; x_wconf 80' lang='lat' dir='ltr'>presens</span> <span class='ocrx_word' id='word_1_425' title='bbox 788 5097 967 5140; x_wconf 83' lang='lat' dir='ltr'>testamentum</span> <span class='ocrx_word' id='word_1_426' title='bbox 992 5089 1017 5138; x_wconf 88' lang='lat' dir='ltr'>in</span> <span class='ocrx_word' id='word_1_427' title='bbox 1037 5089 1111 5138; x_wconf 81' lang='lat' dir='ltr'>certic</span> <span class='ocrx_word' id='word_1_428' title='bbox 1130 5088 1250 5138; x_wconf 81' lang='lat' dir='ltr'>clausulis</span> <span class='ocrx_word' id='word_1_429' title='bbox 1268 5095 1307 5138; x_wconf 79' lang='lat' dir='ltr'>est</span> <span class='ocrx_word' id='word_1_430' title='bbox 1325 5095 1451 5137; x_wconf 76' lang='lat' dir='ltr'>curatum</span> <span class='ocrx_word' id='word_1_431' title='bbox 1476 5097 1502 5138; x_wconf 91' lang='lat' dir='ltr'>et</span> <span class='ocrx_word' id='word_1_432' title='bbox 1520 5087 1624 5137; x_wconf 86' lang='lat' dir='ltr'>alterins</span> <span class='ocrx_word' id='word_1_433' title='bbox 1648 5087 1673 5136; x_wconf 90' lang='lat' dir='ltr'>iu</span> <span class='ocrx_word' id='word_1_434' title='bbox 1693 5089 1755 5138; x_wconf 86' lang='lat' dir='ltr'>actis</span> <span class='ocrx_word' id='word_1_435' title='bbox 1773 5097 1812 5138; x_wconf 85' lang='lat' dir='ltr'>est</span> 
     </span>
     <span class='ocr_line' id='line_1_42' title="bbox 254 5175 1812 5246; baseline -0.003 -16"><span class='ocrx_word' id='word_1_436' title='bbox 254 5181 423 5246; x_wconf 66' lang='lat' dir='ltr'>ingre-etam</span> <span class='ocrx_word' id='word_1_437' title='bbox 447 5181 480 5229; x_wconf 90' lang='lat' dir='ltr'>de</span> <span class='ocrx_word' id='word_1_438' title='bbox 498 5195 623 5230; x_wconf 85' lang='lat' dir='ltr'>consensu</span> <span class='ocrx_word' id='word_1_439' title='bbox 647 5189 673 5230; x_wconf 87' lang='lat' dir='ltr'>et</span> <span class='ocrx_word' id='word_1_440' title='bbox 692 5181 822 5231; x_wconf 75' lang='lat' dir='ltr'>voluntate</span> <span class='ocrx_word' id='word_1_441' title='bbox 841 5190 1038 5246; x_wconf 78' lang='lat' dir='ltr'>exequuturum:</span> <span class='ocrx_word' id='word_1_442' title='bbox 1062 5179 1103 5228; x_wconf 78' lang='lat' dir='ltr'>Its</span> <span class='ocrx_word' id='word_1_443' title='bbox 1121 5189 1159 5228; x_wconf 83' lang='lat' dir='ltr'>est</span> <span class='ocrx_word' id='word_1_444' title='bbox 1178 5193 1227 5243; x_wconf 73' lang='lat' dir='ltr'>ego</span> <span class='ocrx_word' id='word_1_445' title='bbox 1247 5178 1357 5227; x_wconf 82' lang='lat' dir='ltr'>lacobus</span> <span class='ocrx_word' id='word_1_446' title='bbox 1374 5177 1478 5228; x_wconf 81' lang='lat' dir='ltr'>Caiolek</span> <span class='ocrx_word' id='word_1_447' title='bbox 1496 5175 1625 5242; x_wconf 77' lang='lat' dir='ltr'>officialia;</span> <span class='ocrx_word' id='word_1_448' title='bbox 1651 5177 1687 5228; x_wconf 80' lang='lat' dir='ltr'>ite</span> <span class='ocrx_word' id='word_1_449' title='bbox 1705 5187 1744 5228; x_wconf 80' lang='lat' dir='ltr'>eet</span> <span class='ocrx_word' id='word_1_450' title='bbox 1762 5193 1812 5242; x_wconf 80' lang='lat' dir='ltr'>ego</span> 
     </span>
     <span class='ocr_line' id='line_1_43' title="bbox 254 5265 1810 5334; baseline -0.001 -16"><span class='ocrx_word' id='word_1_451' title='bbox 254 5286 318 5334; x_wconf 80' lang='lat' dir='ltr'>mgr.</span> <span class='ocrx_word' id='word_1_452' title='bbox 337 5269 450 5318; x_wconf 80' lang='lat' dir='ltr'>Thomas</span> <span class='ocrx_word' id='word_1_453' title='bbox 467 5269 500 5320; x_wconf 90' lang='lat' dir='ltr'>de</span> <span class='ocrx_word' id='word_1_454' title='bbox 519 5269 661 5334; x_wconf 83' lang='lat' dir='ltr'>Obydzyno</span> <span class='ocrx_word' id='word_1_455' title='bbox 680 5279 769 5320; x_wconf 86' lang='lat' dir='ltr'>cantor</span> <span class='ocrx_word' id='word_1_456' title='bbox 787 5269 916 5319; x_wconf 88' lang='lat' dir='ltr'>Plocensis</span> <span class='ocrx_word' id='word_1_457' title='bbox 935 5285 1011 5318; x_wconf 81' lang='lat' dir='ltr'>mauu</span> <span class='ocrx_word' id='word_1_458' title='bbox 1029 5267 1174 5334; x_wconf 80' lang='lat' dir='ltr'>proprie...</span> <span class='ocrx_word' id='word_1_459' title='bbox 1202 5272 1293 5332; x_wconf 82' lang='lat' dir='ltr'>(resaty</span> <span class='ocrx_word' id='word_1_460' title='bbox 1312 5277 1371 5331; x_wconf 81' lang='lat' dir='ltr'>tego</span> <span class='ocrx_word' id='word_1_461' title='bbox 1390 5266 1500 5330; x_wconf 83' lang='lat' dir='ltr'>dopisku</span> <span class='ocrx_word' id='word_1_462' title='bbox 1518 5265 1583 5314; x_wconf 81' lang='lat' dir='ltr'>brak</span> <span class='ocrx_word' id='word_1_463' title='bbox 1607 5267 1749 5331; x_wconf 81' lang='lat' dir='ltr'>apowodu</span> <span class='ocrx_word' id='word_1_464' title='bbox 1767 5267 1810 5316; x_wconf 87' lang='lat' dir='ltr'>od·</span> 
     </span>
     <span class='ocr_line' id='line_1_44' title="bbox 255 5355 1812 5426; baseline -0.003 -18"><span class='ocrx_word' id='word_1_465' title='bbox 255 5361 332 5424; x_wconf 75' lang='lat' dir='ltr'>ciqcia</span> <span class='ocrx_word' id='word_1_466' title='bbox 351 5359 463 5424; x_wconf 81' lang='lat' dir='ltr'>dolnego</span> <span class='ocrx_word' id='word_1_467' title='bbox 482 5359 626 5423; x_wconf 83' lang='lat' dir='ltr'>marginesu</span> <span class='ocrx_word' id='word_1_468' title='bbox 646 5357 734 5424; x_wconf 78' lang='lat' dir='ltr'>karty).</span> <span class='ocrx_word' id='word_1_469' title='bbox 749 5386 781 5396; x_wconf 96' lang='lat'>—</span> <span class='ocrx_word' id='word_1_470' title='bbox 796 5360 877 5424; x_wconf 83' lang='lat' dir='ltr'>Drugi</span> <span class='ocrx_word' id='word_1_471' title='bbox 896 5358 963 5409; x_wconf 86' lang='lat' dir='ltr'>tekst</span> <span class='ocrx_word' id='word_1_472' title='bbox 974 5355 1018 5426; x_wconf 87' lang='grc' dir='ltr'>(Β)</span> <span class='ocrx_word' id='word_1_473' title='bbox 1036 5357 1171 5422; x_wconf 73' lang='lat' dir='ltr'>wziqlismy</span> <span class='ocrx_word' id='word_1_474' title='bbox 1189 5373 1217 5404; x_wconf 82' lang='lat' dir='ltr'>ce</span> <span class='ocrx_word' id='word_1_475' title='bbox 1231 5357 1362 5422; x_wconf 74' lang='lat' dir='ltr'>podstawq</span> <span class='ocrx_word' id='word_1_476' title='bbox 1380 5357 1414 5404; x_wconf 89' lang='lat' dir='ltr'>do</span> <span class='ocrx_word' id='word_1_477' title='bbox 1432 5371 1540 5420; x_wconf 79' lang='lat' dir='ltr'>aasaego</span> <span class='ocrx_word' id='word_1_478' title='bbox 1560 5355 1685 5420; x_wconf 73' lang='lat' dir='ltr'>wydenla,</span> <span class='ocrx_word' id='word_1_479' title='bbox 1704 5355 1812 5419; x_wconf 68' lang='lat' dir='ltr'>podajqc</span> 
     </span>
     <span class='ocr_line' id='line_1_45' title="bbox 256 5443 1811 5514; baseline -0.003 -18"><span class='ocrx_word' id='word_1_480' title='bbox 256 5449 385 5514; x_wconf 83' lang='lat' dir='ltr'>wscystkie</span> <span class='ocrx_word' id='word_1_481' title='bbox 404 5447 548 5512; x_wconf 79' lang='lat' dir='ltr'>wainiejaae</span> <span class='ocrx_word' id='word_1_482' title='bbox 567 5447 697 5496; x_wconf 78' lang='lat' dir='ltr'>odmianlri</span> <span class='ocrx_word' id='word_1_483' title='bbox 715 5464 728 5495; x_wconf 82' lang='lat' dir='ltr'>r</span> <span class='ocrx_word' id='word_1_484' title='bbox 746 5447 830 5498; x_wconf 83' lang='lat' dir='ltr'>tekstu</span> <span class='ocrx_word' id='word_1_485' title='bbox 849 5449 878 5497; x_wconf 82' lang='lat' dir='ltr'>A.</span> <span class='ocrx_word' id='word_1_486' title='bbox 899 5449 964 5497; x_wconf 79' lang='lat' dir='ltr'>Dws</span> <span class='ocrx_word' id='word_1_487' title='bbox 981 5445 1077 5511; x_wconf 79' lang='lat' dir='ltr'>jednair</span> <span class='ocrx_word' id='word_1_488' title='bbox 1095 5446 1184 5496; x_wconf 75' lang='lat' dir='ltr'>adenis</span> <span class='ocrx_word' id='word_1_489' title='bbox 1203 5462 1216 5494; x_wconf 83' lang='lat' dir='ltr'>a</span> <span class='ocrx_word' id='word_1_490' title='bbox 1234 5444 1318 5494; x_wconf 84' lang='lat' dir='ltr'>tekstu</span> <span class='ocrx_word' id='word_1_491' title='bbox 1337 5445 1361 5492; x_wconf 84' lang='lat' dir='ltr'><em>A</em></span> <span class='ocrx_word' id='word_1_492' title='bbox 1378 5444 1474 5508; x_wconf 75' lang='lat' dir='ltr'>mcmly</span> <span class='ocrx_word' id='word_1_493' title='bbox 1492 5443 1535 5494; x_wconf 85' lang='lat' dir='ltr'>tsk</span> <span class='ocrx_word' id='word_1_494' title='bbox 1554 5443 1692 5493; x_wconf 76' lang='lat' dir='ltr'>dokiaduie</span> <span class='ocrx_word' id='word_1_495' title='bbox 1710 5452 1811 5503; x_wconf 75' lang='lat' dir='ltr'>satane,</span> 
     </span>
     <span class='ocr_line' id='line_1_46' title="bbox 254 5532 1812 5603; baseline -0.004 -16"><span class='ocrx_word' id='word_1_496' title='bbox 254 5537 281 5587; x_wconf 74' lang='lat' dir='ltr'>le</span> <span class='ocrx_word' id='word_1_497' title='bbox 301 5554 317 5586; x_wconf 97' lang='lat' dir='ltr'>o</span> <span class='ocrx_word' id='word_1_498' title='bbox 336 5538 486 5603; x_wconf 82' lang='lat' dir='ltr'>odceytenia</span> <span class='ocrx_word' id='word_1_499' title='bbox 505 5536 546 5586; x_wconf 89' lang='lat' dir='ltr'>ich</span> <span class='ocrx_word' id='word_1_500' title='bbox 564 5537 572 5586; x_wconf 90' lang='lat' dir='ltr'>i</span> <span class='ocrx_word' id='word_1_501' title='bbox 591 5537 788 5602; x_wconf 82' lang='lat' dir='ltr'>pomieszcaeuiu</span> <span class='ocrx_word' id='word_1_502' title='bbox 808 5538 850 5588; x_wconf 87' lang='lat' dir='ltr'>nie</span> <span class='ocrx_word' id='word_1_503' title='bbox 862 5537 950 5603; x_wconf 80' lang='lat' dir='ltr'>maglo</span> <span class='ocrx_word' id='word_1_504' title='bbox 969 5537 1018 5602; x_wconf 74' lang='lat' dir='ltr'>byd</span> <span class='ocrx_word' id='word_1_505' title='bbox 1036 5551 1127 5600; x_wconf 85' lang='lat' dir='ltr'>mowy.</span> <span class='ocrx_word' id='word_1_506' title='bbox 1147 5537 1170 5583; x_wconf 78' lang='grc' dir='ltr'>Α</span> <span class='ocrx_word' id='word_1_507' title='bbox 1184 5534 1288 5584; x_wconf 80' lang='lat' dir='ltr'>whtnie</span> <span class='ocrx_word' id='word_1_508' title='bbox 1307 5543 1333 5584; x_wconf 86' lang='lat' dir='ltr'>te</span> <span class='ocrx_word' id='word_1_509' title='bbox 1350 5534 1408 5583; x_wconf 81' lang='lat' dir='ltr'>dwe</span> <span class='ocrx_word' id='word_1_510' title='bbox 1426 5542 1521 5584; x_wconf 77' lang='lat' dir='ltr'>astarte</span> <span class='ocrx_word' id='word_1_511' title='bbox 1540 5541 1637 5597; x_wconf 71' lang='lat' dir='ltr'>ustepy,</span> <span class='ocrx_word' id='word_1_512' title='bbox 1655 5532 1697 5580; x_wconf 87' lang='lat' dir='ltr'>uie</span> <span class='ocrx_word' id='word_1_513' title='bbox 1716 5534 1812 5597; x_wconf 82' lang='lat' dir='ltr'>powtd·</span> 
     </span>
     <span class='ocr_line' id='line_1_47' title="bbox 254 5623 1624 5692; baseline -0.004 -16"><span class='ocrx_word' id='word_1_514' title='bbox 254 5643 328 5677; x_wconf 76' lang='lat' dir='ltr'>noue</span> <span class='ocrx_word' id='word_1_515' title='bbox 348 5644 369 5676; x_wconf 83' lang='lat' dir='ltr'>w</span> <span class='ocrx_word' id='word_1_516' title='bbox 389 5627 483 5677; x_wconf 84' lang='lat' dir='ltr'>tekscie</span> <span class='ocrx_word' id='word_1_517' title='bbox 502 5627 532 5684; x_wconf 92' lang='lat' dir='ltr'>B,</span> <span class='ocrx_word' id='word_1_518' title='bbox 552 5626 612 5692; x_wconf 82' lang='lat' dir='ltr'>byly</span> <span class='ocrx_word' id='word_1_519' title='bbox 630 5644 643 5674; x_wconf 86' lang='lat' dir='ltr'>z</span> <span class='ocrx_word' id='word_1_520' title='bbox 661 5627 806 5692; x_wconf 76' lang='lat' dir='ltr'>pewnotciq</span> <span class='ocrx_word' id='word_1_521' title='bbox 823 5642 961 5692; x_wconf 76' lang='lat' dir='ltr'>przycayuq</span> <span class='ocrx_word' id='word_1_522' title='bbox 979 5625 1140 5676; x_wconf 79' lang='lat' dir='ltr'>skesowania</span> <span class='ocrx_word' id='word_1_523' title='bbox 1158 5625 1306 5688; x_wconf 78' lang='lat' dir='ltr'>pierwotnei</span> <span class='ocrx_word' id='word_1_524' title='bbox 1327 5623 1445 5689; x_wconf 79' lang='lat' dir='ltr'>redskcyi</span> <span class='ocrx_word' id='word_1_525' title='bbox 1464 5631 1624 5672; x_wconf 77' lang='lat' dir='ltr'>testamentu.</span> 
     </span>
    </p>

    <p class='ocr_par' dir='ltr' id='par_1_9' title="bbox 362 5713 614 5782">
     <span class='ocr_line' id='line_1_48' title="bbox 362 5713 614 5782; baseline -0.004 -16"><span class='ocrx_word' id='word_1_526' title='bbox 362 5713 383 5782; x_wconf 87' lang='lat'>¹)</span> <span class='ocrx_word' id='word_1_527' title='bbox 402 5718 435 5766; x_wconf 79' lang='grc' dir='ltr'>Α.</span> <span class='ocrx_word' id='word_1_528' title='bbox 455 5731 521 5767; x_wconf 87' lang='lat' dir='ltr'>enm.</span> <span class='ocrx_word' id='word_1_529' title='bbox 612 5771 614 5774; x_wconf 54' lang='grc'><strong>,</strong></span> 
     </span>
    </p>
   </div>
   <div class='ocr_carea' id='block_1_7' title="bbox 362 5815 1703 5869">
    <p class='ocr_par' dir='ltr' id='par_1_10' title="bbox 362 5815 1703 5869">
     <span class='ocr_line' id='line_1_49' title="bbox 362 5815 1703 5869; baseline -0.001 -1"><span class='ocrx_word' id='word_1_530' title='bbox 362 5830 418 5869; x_wconf 76' lang='lat' dir='ltr'>Aeta</span> <span class='ocrx_word' id='word_1_531' title='bbox 432 5825 583 5869; x_wconf 74' lang='lat' dir='ltr'>ecclesiastica.</span> <span class='ocrx_word' id='word_1_532' title='bbox 599 5826 632 5868; x_wconf 53' lang='lat'>111,</span> <span class='ocrx_word' id='word_1_533' title='bbox 1668 5815 1703 5866; x_wconf 83' lang='lat'>22</span> 
     </span>
    </p>
   </div>
   <div class='ocr_carea' id='block_1_8' title="bbox 0 0 2234 6674">
    <p class='ocr_par' dir='ltr' id='par_1_11' title="bbox 0 0 2234 6674">
     <span class='ocr_line' id='line_1_50' title="bbox 0 0 2234 6674; baseline 0 0"><span class='ocrx_word' id='word_1_534' title='bbox 0 0 2234 6674; x_wconf 95' lang='lat' dir='ltr'> </span> 
     </span>
    </p>
   </div>
  </div>
 </body>
</html>
