4392 6672
420 721 458 770 10
893 706 961 756 ACT
964 711 985 754 A
1004 703 1126 754 IUDICll
1147 705 1282 754 ECCLES.
1304 703 1495 754 PLOClINSIS

1866 797 1965 804 ,--.-..

413 929 446 980 et
471 918 633 978 canonicis
658 916 794 978 ecclesie
818 917 982 978 Plocensis
1008 917 1152 994 predicte
1178 917 1398 996 capitulariter
1414 919 1656 997 congregatis..
1681 918 1763 978 dnus
1782 917 1965 997 Episcopus

414 1036 526 1086 contra
551 1025 705 1086 Iacobum
731 1026 772 1086 de
796 1023 998 1085 Swedzebna
1023 1037 1055 1084 et
1081 1023 1251 1084 Albertum
1275 1025 1315 1084 de
1333 1023 1510 1084 Trambino
1528 1025 1598 1084 tulit
1617 1025 1812 1083 sentenciam
1833 1047 1890 1102 pro
1908 1025 1965 1084 he-

414 1135 500 1194 resi
526 1131 698 1192 infamatos
731 1134 760 1192 in
786 1131 872 1192 hnnc
898 1133 1044 1191 modum:
1069 1131 1109 1190 de
1134 1151 1292 1190 consensu
1313 1133 1412 1192 nostri
1433 1129 1562 1208 capituli
1581 1145 1715 1210 propter
1733 1131 1848 1190 inuam
1869 1133 1966 1210 puhli-

416 1259 487 1299 cam
513 1241 553 1299 de
577 1239 681 1300 heresi
702 1250 814 1299 contra
840 1238 991 1298 lacobum
1018 1239 1057 1296 de
1074 1235 1274 1298 Sn’edzebna
1300 1250 1331 1298 et
1351 1239 1521 1298 atvertum
1540 1240 1581 1299 de
1598 1238 1776 1297 'l'ramhino
1793 1250 1896 1298 ortam
1915 1239 1966 1298 de-

414 1348 574 1407 cernimus
599 1367 658 1426 pro
683 1347 828 1406 custodia
855 1365 1001 1406 carceres
1027 1365 1127 1423 nsque
1152 1345 1192 1404 ad
1217 1346 1372 1405 maiorem
1398 1345 1632 1408 certitudinem.
1658 1365 1740 1422 qtrrrs
1765 1365 1911 1405 carceres
1936 1347 1964 1403 in

414 1454 514 1513 domo
539 1463 649 1513 nostra
675 1465 750 1532 post
777 1452 943 1530 prandium
970 1453 1134 1512 intrabunt
1159 1451 1218 1512 sub
1244 1471 1327 1532 pena
1343 1453 1694 1513 excommunicacionis
1719 1472 1778 1512 nec
1800 1453 1965 1512 exibunt..

633 1647 672 1706 11.
704 1660 794 1724 1453,
819 1643 973 1706 Octobris
999 1661 1049 1716 20,
1075 1647 1105 1706 in
1130 1643 1261 1706 Gorzno
1288 1646 1318 1704 in
1342 1645 1426 1705 curia
1452 1643 1639 1724 episcopali.

522 1767 584 1834 25.
615 1769 712 1849 (fleta
737 1772 834 1847 episc.
860 1769 915 1848 1)..
948 1769 1073 1830 Nobilis
1099 1769 1214 1830 Paulus
1247 1771 1287 1830 de
1323 1767 1435 1839 Corra,
1471 1772 1613 1830 notarius¹
1646 1774 1731 1829 curi·-
1764 1769 1965 1848 episcopalis,

416 1879 546 1938 nomine
570 1879 777 1954 instigatorio
802 1875 930 1938 officii..
954 1879 1098 1938 acusavit
1122 1879 1359 1938 contumaciam
1386 1877 1493 1936 lacobi
1520 1877 1647 1955 plebani
1670 1877 1709 1936 de
1727 1877 1966 1952 Snedzebua,..

417 1996 531 2062 petens
557 1985 587 2042 in
612 1986 847 2044 contumaciam
874 1987 974 2063 ipsius
1000 2005 1057 2064 per
1083 1985 1234 2043 llmnm..
1260 1985 1357 2044 dnum
1387 1984 1524 2044 Paulum.
1552 1987 1741 2062 ept-eopum
1768 1985 1966 2052 l’loceusem

417 2095 520 2171 ipsum
539 2091 750 2170 dampnatam
777 2091 1049 2151 llussitarum
1074 2091 1258 2150 heresim
1284 2112 1325 2151 ex
1345 2091 1551 2151 confessione
1569 2111 1625 2150 sua
1643 2103 1833 2169 spontanea,
1858 2113 1966 2151 coram

417 2218 523 2258 vener.
548 2199 612 2258 dno
637 2197 767 2258 olhciali
793 2197 939 2258 Plocensi
965 2196 1059 2268 sacta,
1085 2198 1235 2257 incidisse
1260 2197 1413 2258 declarari
1447 2208 1478 2256 et
1504 2208 1638 2276 propter
1664 2198 1725 2256 hoc
1750 2199 1790 2258 ad
1818 2201 1968 2274 privacio-

416 2325 488 2365 nem
514 2306 600 2366 dicte
618 2326 675 2364 sue
693 2305 828 2364 ecclesie
853 2306 883 2362 in
903 2304 1102 2364 Sivedzebna
1120 2305 1266 2383 procedi;
1292 2303 1512 2383 quiquidem..
1538 2305 1620 2362 dnus
1647 2302 1767 2366 l'aulus.
1793 2309 1967 2384 episcopus

416 2423 621 2484 memoratus,
647 2411 734 2472 dicto
760 2409 901 2490 plebano
926 2411 1010 2470 ultra
1028 2410 1140 2470 horam
1160 2411 1288 2471 solitam
1306 2421 1490 2489 expectato.
1518 2413 1716 2470 sentenciam
1738 2432 1826 2470 suam
1847 2414 1969 2490 scripto

415 2522 445 2578 in
471 2519 707 2578 contumaciam
734 2518 834 2596 ipsius
859 2517 988 2598 plebani
1013 2515 1085 2578 tulit
1109 2529 1141 2577 et
1167 2517 1390 2596 pronunciavit
1417 2517 1596 2576 huiusmodi
1623 2517 1683 2577 sub
1709 2531 1835 2578 tenore:
1872 2519 1966 2578 (Jristi

415 2626 545 2684 nomine
571 2627 722 2684 invocato
748 2637 780 2685 et
797 2626 901 2703 ipsum
929 2623 1031 2682 solum
1059 2644 1115 2704 pre
1132 2624 1232 2684 oculis
1250 2623 1440 2683 habentes..
1466 2625 1668 2684 declaramus
1695 2623 1854 2694 lacohum,
1884 2645 1969 2703 pres-

416 2732 554 2793 biterum
580 2733 719 2791 diocesis
743 2730 1028 2802 Wladislaviensis,
1058 2741 1219 2792 rectorem
1245 2729 1378 2790 ecclesie
1404 2729 1596 2808 parochialis
1632 2731 1661 2789 in
1687 2729 1887 2792 Suedabua
1915 2751 1969 2790 no·

415 2851 481 2899 stre
506 2839 654 2912 diocesis,
680 2839 812 2898 citatum
839 2858 902 2897 non
928 2848 1172 2914 comparentem
1207 2857 1248 2897 ex
1272 2836 1478 2896 confessione
1508 2848 1687 2915 spontanea
1713 2859 1771 2916 per
1795 2841 1899 2917 ipsum
1925 2837 1968 2898 la·

416 2947 533 3006 cobum
559 2965 667 3005 coram
694 2945 867 3005 venerabili
893 2957 926 3005 et
953 2942 1197 3005 honorabilibus
1223 2943 1374 3004 iratribus
1399 2945 1518 3004 nostris
1543 2942 1677 3003 Nicolao
1702 2945 1742 3004 de
1767 2944 1968 3024 Myrziniecz,

418 3053 623 3112 decretorum
649 3053 795 3126 doctore,
828 3053 995 3111 licenciato
1021 3052 1050 3110 in
1075 3053 1141 3111 iure
1166 3051 1257 3118 civili,
1289 3052 1447 3110 canonico
1471 3051 1656 3130 vicarioque
1687 3053 1717 3110 in
1744 3051 1969 3130 Spiritualibus

416 3171 448 3219 et
474 3157 599 3218 olhciali
626 3170 738 3219 nostro
762 3157 913 3235 generali,
938 3169 971 3219 et
996 3159 1138 3238 capitulo
1166 3158 1372 3217 l'locensibus
1406 3157 1594 3218 iudicialiter
1619 3158 1702 3218 facta
1728 3177 1804 3220 anre
1836 3171 1868 3220 et
1894 3174 1969 3238 post

419 3266 649 3345 purgacionem
682 3286 740 3345 per
765 3265 902 3325 eundem
928 3265 1082 3326 Iacobum
1107 3285 1216 3326 coram
1250 3265 1342 3326 nobis
1369 3265 1486 3325 laetam
1521 3267 1777 3324 communicasse
1815 3266 1967 3344 populum

417 3373 561 3432 laicalem
579 3385 786 3432 sacramento
804 3371 1055 3434 Eukaristie
1088 3373 1162 3434 sub
1187 3383 1367 3452 utraque
1402 3374 1550 3452 specie
1574 3393 1611 3431 ac
1636 3395 1693 3452 per
1719 3373 1780 3433 hoc
1805 3375 1835 3432 in
1860 3375 1968 3453 damp-

418 3491 525 3539 natam
561 3477 834 3540 Hussitarum
869 3480 1006 3540 heresim
1032 3480 1157 3556 lapsum
1183 3493 1215 3540 et
1242 3479 1401 3558 relapsum
1434 3501 1471 3540 ac
1495 3489 1630 3558 propter
1655 3481 1716 3539 hoc
1743 3482 1888 3560 predicta
1912 3499 1969 3539 sua

417 3585 555 3646 ecclesia
579 3587 609 3646 in
635 3585 837 3647 Swedzebna
862 3586 1052 3664 privandum
1078 3585 1147 3648 lore
1172 3599 1204 3648 et
1230 3589 1394 3666 privamus
1418 3587 1554 3666 aliisque
1581 3587 1672 3665 penis
1706 3607 1724 3647 a
1749 3589 1815 3648 iure
1840 3588 1970 3648 statutis

418 3690 637 3753 mulctandum
650 3741 672 3751 ..

635 3889 674 3943 Α.
705 3899 794 3964 1457,
820 3885 926 3946 Martii
959 3885 1003 3954 18,
1028 3888 1059 3946 in
1084 3885 1252 3947 Poltowslc
1277 3889 1307 3946 in
1332 3887 1417 3946 curia
1442 3885 1626 3965 episcopali.

525 4005 587 4072 26.
620 4007 718 4090 (ricta
742 4011 838 4090 episc.
864 4009 921 4079 h..
958 4009 1109 4073 Coram..
1142 4013 1208 4072 dno
1240 4010 1347 4079 Panlo,
1384 4013 1543 4090 episcopo
1575 4011 1739 4087 Plocensi,
1773 4014 1969 4074 constitutus

419 4117 633 4196 personaliter
666 4117 777 4176 honor.
802 4118 884 4178 dnus
918 4115 1031 4178 Petrus
1064 4116 1181 4186 Broda,
1214 4117 1493 4178 vicecancellarius
1526 4119 1662 4178 ducatus
1693 4120 1968 4188 h'arschoviensis,

417 4225 590 4284 canonicus
616 4223 780 4283 Plocensis
805 4235 838 4284 et
869 4224 1138 4284 Varschoviensis
1162 4223 1403 4285 ecclesiarum..
1429 4237 1576 4287 contra..
1601 4227 1776 4287 discretum
1802 4226 1969 4288 5111111110-

418 4329 536 4408 slaum,
568 4341 727 4391 rectorem
753 4331 887 4390 ecclesie
913 4330 1105 4410 parochialis
1131 4333 1160 4390 in
1187 4329 1425 4408 Gansyorono
1452 4333 1650 4392 verbotenus
1675 4335 1861 4414 proposuit,
1894 4355 1969 4414 quo·

419 4437 517 4497 modo
550 4457 622 4496 eum
656 4436 828 4496 multifarie
866 4438 973 4498 verbis
1005 4437 1217 4498 infamatoriis
1253 4438 1481 4498 dehonestavit
1513 4450 1545 4498 et
1571 4443 1741 4520 presertim
1776 4441 1863 4519 quod
1896 4461 1967 4500 eum

419 4547 554 4605 assernit
586 4545 626 4602 de
651 4544 747 4604 thoro
772 4543 939 4624 illegitimo
963 4542 1059 4604 luisse
1086 4557 1305 4623 procreatum;
1338 4565 1434 4624 quam
1461 4545 1624 4606 infamiam
1655 4549 1852 4608 existimavit
1877 4549 1968 4610 adC

424 4651 506 4711 milia
533 4651 648 4710 milium
676 4651 741 4711 lior.
767 4652 818 4711 Ex
843 4653 980 4712 adverso
1005 4651 1149 4730 prelatus
1174 4651 1419 4713 Swanthoslaus
1443 4656 1551 4714 animo
1577 4653 1663 4714 litem
1689 4655 1892 4715 contestandi
1919 4675 1969 4714 ne-

418 4761 507 4835 gavit
539 4771 676 4829 narrata,
710 4757 907 4836 subiungens
940 4757 1000 4818 hec
1026 4761 1126 4820 verba
1157 4773 1213 4820 aut
1238 4761 1283 4820 eis
1308 4761 1431 4820 similia:
1466 4759 1572 4820 Nichil
1597 4759 1669 4820 mali
1702 4763 1769 4822 scio
1800 4763 1841 4822 de
1868 4771 1968 4822 matre

420 4866 528 4943 ipsius,
561 4865 617 4924 sed
643 4867 747 4944 ipsum
774 4865 878 4924 habeo
905 4886 964 4944 pro
989 4866 1077 4925 bono
1102 4866 1231 4927 homine
1264 4881 1295 4926 et
1322 4867 1361 4927 de
1386 4868 1531 4945 legitimo
1557 4869 1652 4929 thoro
1678 4879 1801 4938 natum,
1836 4889 1894 4928 nec
1918 4871 1968 4928 ali·

420 4971 549 5050 quando
575 4973 638 5031 hoc
663 4970 788 5031 locutus
813 4992 893 5030 sum.
933 4971 985 5031 Ex
1010 4973 1148 5032 adverso
1173 4973 1254 5033 dnus
1281 4973 1393 5034 l'etrus
1418 4974 1533 5041 Broda,
1567 4975 1852 5034 vicecancellarius.
1880 4975 1967 5055 repli-

419 5079 523 5137 cando
541 5080 655 5156 petivit
673 5099 706 5136 se
724 5079 848 5138 admitti
869 5079 907 5138 ad
926 5079 1139 5156 probandum.
1166 5079 1208 5139 lit
1225 5081 1407 5141 dominus..
1433 5101 1474 5140 ex
1494 5101 1653 5141 consensu
1680 5085 1780 5161 partis
1805 5085 1968 5161 utriusque

419 5186 459 5246 ad
477 5186 695 5263 recipiendam
722 5187 927 5244 summariam
953 5186 1196 5264 deposicionem
1223 5199 1324 5248 testes
1350 5191 1438 5248 citari
1464 5190 1614 5250 decrevit.
1641 5189 1845 5249 Presentibus
1863 5209 1967 5248 vener.

419 5303 452 5353 et
483 5293 595 5353 honor.
628 5311 664 5353 ac
697 5293 856 5352 nobilibus
889 5293 959 5354 duis
992 5314 1085 5374 mgro
1121 5295 1257 5354 Nicolao
1290 5295 1406 5364 llalalr,
1444 5296 1697 5356 Varschoriensi
1733 5296 1967 5364 archidiacono,
2016 5309 2018 5312 '

419 5397 519 5458 Paulo
544 5401 583 5460 de
610 5381 963 5480 Golininospreposito
989 5400 1184 5462 l’oltoviensi
1212 5411 1244 5461 et
1267 5404 1424 5461 canonico
1450 5402 1603 5463 l’locensi.
1630 5405 1833 5464 decretorum
1859 5403 1968 5465 docto·

420 5507 515 5579 ribus,
541 5527 633 5584 mgro
657 5505 785 5567 Thomu
811 5509 850 5567 de
874 5506 1014 5576 Xansch,
1048 5508 1275 5567 archidiacono
1300 5508 1506 5572 Poltoviensi.
1540 5509 1663 5570 Mathia
1687 5512 1726 5570 de
1752 5509 1873 5580 Rozan,
1898 5531 1968 5572 can·

419 5613 549 5673 cellario
581 5615 716 5674 ducatus
749 5614 1032 5684 Varsehoviensis,
1068 5615 1211 5674 Iohanne
1243 5615 1283 5674 de
1316 5615 1461 5687 Szdzari,
1498 5617 1726 5677 archidiacono
1766 5617 1967 5692 Dobrinensi‚

420 5719 605 5781 Przeczslao
637 5721 677 5780 de
700 5720 849 5796 lancem,
882 5725 1040 5783 canonico
1073 5720 1227 5794 Plocensi,
1260 5725 1429 5803 generosis
1454 5722 1525 5782 duis
1551 5724 1687 5784 Nicolau
1720 5723 1760 5784 de
1786 5723 1968 5803 Dzirgow0,
