4458 6674
948 679 1038 733 111111
1056 681 1133 736 rua.
1755 683 1813 765 163

264 775 364 780 —
374 773 709 781 —n——-—.-—-—-·
714 774 767 780 -υ
772 773 1324 782 ——.-·—.--—-..———.—-——......-.-
1328 775 1491 782 ————-
1497 776 1531 782 -ιι

263 895 318 956 lari
342 914 439 976 super
462 893 645 956 huiusmodi
670 897 858 974 patracione
882 895 1022 957 criminis
1046 893 1210 957 homicidii
1234 905 1267 958 et
1292 895 1459 958 solucione
1485 917 1568 976 pene
1594 899 1710 978 capitis
1733 899 1817 980 capi·

263 1016 359 1065 tanco
381 1001 561 1072 Lomzensi,
587 1021 646 1083 per
667 999 845 1082 culpabiles
870 1000 964 1077 facta,
988 1011 1144 1064 extracta.
1170 1001 1212 1063 Et
1228 1003 1312 1064 dnus
1329 1001 1516 1066 Officialis..
1544 1005 1709 1083 predictus
1732 1005 1817 1068 vide·

263 1109 337 1171 licet
370 1105 565 1171 Stanislaum
591 1119 624 1171 et
649 1107 819 1170 Nicolaum
845 1119 880 1171 ut
904 1111 1047 1170 monitos
1070 1119 1103 1171 et
1128 1109 1246 1170 citatos
1278 1129 1342 1172 non
1374 1122 1603 1190 comparentes
1635 1113 1817 1174 sentencias

262 1217 612 1280 excommunicacionis
635 1218 667 1277 in
694 1217 866 1277 monitorio
895 1227 1068 1278 contentas
1095 1217 1244 1278 incidisse
1275 1216 1460 1284 declaravit,
1493 1227 1652 1296 quantum
1673 1239 1750 1280 vero
1774 1217 1816 1280 ad

262 1323 535 1403 comparicionem
560 1324 591 1384 in
616 1324 762 1392 terminu,
793 1321 943 1384 videlicet
967 1321 1098 1383 Paulum
1124 1333 1157 1384 et
1181 1323 1322 1384 Felicem
1347 1323 1521 1386 offerentes
1546 1345 1581 1386 se
1605 1326 1647 1387 ad
1670 1325 1828 1387 iustifica·'

263 1431 386 1492 cionem
413 1430 504 1492 etad
529 1450 614 1510 pene
631 1429 718 1491 Rmo
742 1430 875 1491 domino
901 1441 1013 1491 nostro
1031 1431 1241 1502 solucionem,
1266 1433 1296 1492 in
1315 1441 1470 1509 quantum
1495 1431 1679 1512 culpabiles¹
1697 1433 1817 1512 reperti

262 1535 386 1604 fuerint,
411 1538 580 1620 suspendit
605 1537 781 1598 earundem
807 1536 1064 1600 declaracionem
1089 1538 1131 1598 ad
1155 1537 1279 1599 felicem
1306 1537 1443 1598 reditum
1468 1559 1525 1599 sue
1551 1538 1588 1601 R.
1606 1537 1672 1600 Ptis
1697 1541 1726 1598 111
1749 1537 1817 1600 Pol·

263 1643 440 1716 thowszlm,
474 1643 619 1706 similiter
643 1655 676 1706 et
701 1646 862 1707 interdicti
888 1645 1120 1724 probacionem
1144 1646 1175 1704 in
1201 1645 1320 1706 dictam
1344 1643 1514 1708 ecclesiam
1541 1644 1758 1724 parochialem
1783 1647 1814 1706 in

263 1750 466 1834 Czervyno..

475 1943 516 2006 A.
547 1957 638 2024 1512,
662 1945 805 2028 Augusti
831 1961 880 2025 25,
905 1949 937 2008 in
961 1947 1156 2008 consistorio
1180 1945 1385 2008 Poltoviensi.

369 2064 461 2133 354.
490 2067 589 2149 (Acta
613 2067 695 2130 offic.
719 2068 769 2150 X).
802 2071 901 2132 Anno
927 2071 1006 2150 legis
1030 2071 1139 2150 gracie
1163 2068 1328 2131 MDXll..
1352 2070 1404 2131 die
1428 2091 1538 2131 vero..
1562 2069 1661 2133 XXV
1685 2091 1725 2132 m.
1751 2071 1817 2132 Au·

263 2179 347 2257 gusti
372 2177 535 2238 audientia
566 2187 599 2238 et
622 2188 714 2238 actus
739 2177 930 2256 infrascripti
955 2179 1060 2256 prima
1083 2179 1136 2238 die
1159 2176 1289 2238 iuridi'ca
1321 2188 1398 2257 post
1426 2179 1615 2239 vaccancias
1647 2179 1817 2258 generales

262 2288 292 2346 in
318 2285 458 2346 crastino
483 2303 498 2344 s
532 2283 784 2346 bartholomei..
809 2304 917 2346 coram
944 2285 1018 2345 Rdo
1043 2293 1136 2365 patre
1160 2283 1226 2346 dno
1243 2283 1381 2345 Nicolao
1398 2285 1438 2345 de
1456 2285 1586 2346 Brolino
1611 2285 1815 2347 decretorum

262 2391 405 2460 doctore,
438 2390 665 2452 archidiacono
697 2403 730 2453 et
754 2391 880 2453 officiali
904 2389 1103 2452 Poltoviensi
1136 2394 1167 2451 in
1192 2392 1330 2453 ecclesia
1353 2390 1509 2465 Plocensi,
1540 2403 1615 2473 post
1639 2394 1815 2454 adventum

262 2495 387 2559 felicem
414 2519 456 2560 ex
480 2499 572 2560 Italia
596 2509 629 2560 et
653 2498 736 2560 alma
761 2499 839 2560 urbe
865 2501 970 2560 lloma
995 2501 1076 2561 tenti
1101 2509 1134 2560 et
1157 2499 1321 2562 observati
1345 2518 1383 2559 ac
1408 2513 1467 2578 per
1491 2517 1543 2559 me
1567 2499 1718 2560 Iacobum
1743 2499 1816 2560 Vie-

261 2605 341 2666 toris
364 2604 578 2686 Modzeleslcy
602 2625 711 2666 coram
745 2625 801 2666 sua
826 2605 865 2666 R.
893 2605 948 2666 Pte
973 2604 1111 2666 scribam
1144 2606 1273 2666 acticati
1306 2615 1339 2667 et
1363 2605 1535 2678 recollecti,
1569 2616 1604 2667 ut
1628 2617 1816 2687 sequuntur,

262 2713 467 2792 presentibus
491 2713 625 2775 notariis
649 2721 682 2774 et
707 2712 1185 2792 procuratoribusconsistorii.

477 2906 517 2968 A.
546 2920 637 2986 1512,
663 2906 859 2967 Novembris
889 2921 936 2986 15,
960 2908 991 2966 in
1015 2907 1210 2968 consistorio
1234 2906 1442 2969 Poltoviensi.

369 3027 459 3095 355.
483 3031 582 3108 (Acta
606 3030 688 3092 offic.
712 3030 763 3108 X).
788 3031 821 3092 ln
847 3051 944 3092 causa
968 3031 1107 3093 honeste
1130 3030 1256 3110 Zophie
1276 3031 1522 3114 Kwyatlrowna
1545 3033 1586 3095 de
1603 3032 1816 3095 Polthowslro

261 3150 377 3201 contra
409 3139 580 3200 honestam
613 3138 759 3199 Elizabet
791 3137 1050 3200 Korwschowna
1082 3139 1123 3199 de
1155 3137 1385 3218 Czyechonow
1417 3142 1448 3200 in
1466 3142 1640 3219 *presencia
1672 3140 1814 3201 eiusdem

262 3249 442 3328 proposuit.
475 3247 563 3326 quod
588 3245 713 3326 prefata
738 3245 881 3306 Elizabct
907 3264 957 3306 res
983 3255 1056 3324 post
1082 3256 1219 3306 mortem
1246 3247 1350 3306 mariti
1382 3247 1428 3307 sui
1452 3247 1631 3316 derelictas,
1667 3244 1816 3308 videlicet

262 3374 314 3416 res
339 3357 590 3415 mercanciarum
623 3356 654 3414 in
680 3351 789 3414 valore
822 3352 850 3413 ll
875 3371 1122 3432 sexagenarum,
1154 3351 1274 3414 calidar
1306 3354 1336 3413 in
1362 3353 1471 3414 valore
1499 3350 1538 3436 112
1563 3373 1737 3434 sexagene,
1770 3362 1816 3414 tu·

262 3461 335 3522 barn
361 3481 433 3522 cum
459 3461 534 3543 lopa
566 3462 596 3521 in
621 3459 730 3522 valore
755 3459 819 3522 XX
842 3481 897 3542 gr..
930 3461 1066 3540 sigmam
1093 3461 1125 3520 in
1149 3457 1258 3521 valore
1285 3457 1323 3544 ss,
1349 3479 1523 3542 sexagene,
1548 3459 1685 3526 stubam.
1718 3479 1814 3540 quam

262 3568 407 3630 vendidit
432 3589 491 3648 pro
519 3567 557 3651 11,
584 3587 759 3648 sexagena,
783 3569 929 3647 timpana
953 3566 1027 3636 11110,
1059 3567 1137 3628 alias
1161 3566 1237 3628 dwa
1261 3565 1369 3646 bubata,
1395 3567 1512 3628 valoris
1536 3565 1600 3628 XX
1623 3585 1677 3646 gr,
1703 3586 1814 3647 peram

261 3695 333 3736 curn
359 3675 483 3736 libris
507 3687 546 3736 et
571 3676 878 3736 instrumentis
902 3675 1009 3736 artis
1034 3693 1177 3754 mayce
1202 3674 1319 3736 valoris
1344 3673 1355 3734 l
1380 3693 1544 3756 sexagena
1569 3674 1667 3734 adse
1693 3674 1816 3754 recepit

262 3794 294 3844 et
319 3782 462 3862 precium
495 3783 536 3843 ab
561 3782 720 3862 inquilinis
752 3780 846 3842 XLV
870 3801 916 3861 gr.
940 3781 1013 3843 tulit
1045 3790 1078 3842 et
1101 3801 1162 3862 pro
1186 3803 1221 3844 sc
1247 3782 1422 3862 usurpavit,
1454 3801 1589 3861 quarum
1622 3799 1726 3842 rerum
1753 3799 1817 3840 me·

261 3891 366 3951 dietas
390 3909 462 3949 eam
487 3890 527 3949 de
551 3889 618 3948 iure
643 3885 806 3950 Culmensi
831 3897 969 3969 spectat,
1002 3899 1118 3967 petens
1142 3889 1202 3950 sibi
1226 3889 1363 3950 eandem
1396 3888 1605 3950 medietatem
1630 3907 1734 3949 rerum
1759 3898 1815 3948 aut

261 3996 404 4057 valorem
429 3996 634 4058 adiudicari..

476 4189 517 4251 A.
547 4203 638 4267 1512,
663 4189 860 4251 Novembris
885 4205 935 4270 29,
959 4191 990 4250 in
1015 4190 1209 4251 consistorio
1234 4188 1441 4251 Poltoviensi.

369 4309 457 4378 356.
482 4313 578 4394 (Acta
605 4312 687 4374 offic.
713 4313 787 4390 Χ)..
811 4312 1011 4376 Laboriosus
1036 4311 1196 4374 lohannes
1220 4311 1339 4393 Mytko
1363 4311 1404 4372 de
1421 4309 1617 4391 Grzybowo,
1641 4331 1815 4394 germanus

262 4421 360 4482 frater
375 4420 488 4482 honor.
513 4418 588 4481 olim
615 4418 739 4480 Nicolai
763 4420 892 4500 plebani
918 4420 959 4482 de
976 4419 1175 4494 Komorsko,
1199 4420 1323 4499 recepit
1338 4418 1404 4480 XX
1422 4419 1586 4480 volumina
1609 4419 1815 4482 librorum

261 4526 595 4590 scolasticorum
621 4527 652 4586 in
677 4528 876 4605 compaturis
900 4538 932 4590 et
958 4526 1034 4588 Vlll
1060 4525 1223 4588 volumina
1248 4527 1277 4586 in
1294 4526 1457 4588 asseribus
1481 4537 1514 4589 et
1538 4539 1712 4589 sexternos
1737 4525 1815 4588 Let

262 4636 365 4715 magis
388 4653 461 4696 cum
478 4635 556 4695 cista
581 4655 600 4694 a
618 4632 753 4713 provido
778 4633 913 4695 Nicolao
931 4633 1143 4696 Poddambek
1167 4635 1330 4696 advocato
1351 4633 1552 4703 Poltoviensi,
1578 4653 1636 4712 per
1653 4633 1813 4714 prefatum

261 4741 337 4802 olim
364 4741 531 4802 Nicolaum
555 4743 718 4819 repositos
742 4740 782 4800 ad
800 4741 1003 4811 servandum,
1028 4751 1061 4802 et
1078 4741 1227 4803 submisit
1251 4761 1286 4802 se
1302 4750 1335 4802 et
1352 4739 1509 4821 obligavit
1534 4739 1694 4818 prefatum
1721 4737 1815 4800 Nico·

262 4849 345 4910 laum
371 4847 565 4910 advocatum
596 4847 799 4910 intercedere
831 4859 863 4909 et
888 4847 1062 4910 defendere
1094 4847 1135 4908 ab
1160 4847 1309 4909 omnibus
1341 4848 1406 4908 suis
1439 4842 1638 4928 propinquis,
1670 4846 1817 4908 siluerit

262 4963 399 5016 vexatus
423 4965 456 5016 et
481 4955 655 5034 impeditus
679 4954 786 5015 dictus
811 4954 964 5016 Nicolaus
989 4953 1237 5016 Poddambek..

475 5145 516 5208 A.
546 5161 636 5226 1512,
662 5145 855 5208 Decembris
880 5161 930 5218 20,
956 5147 986 5207 in
1010 5147 1205 5208 consistorio
1229 5144 1384 5208 Plocensi.

369 5265 459 5334 357.
484 5270 581 5346 (Acta
606 5269 687 5332 offic.
713 5269 802 5351 Illa).
827 5271 863 5330 ln
888 5289 986 5331 causa
1010 5279 1043 5331 et
1067 5271 1171 5331 causis
1196 5283 1304 5331 coram
1330 5269 1424 5331 nobis
1447 5271 1531 5332 inter
1554 5269 1663 5332 Rdum
1688 5281 1814 5351 patrem

262 5377 360 5437 dnum
394 5375 584 5438 Michaelem
619 5376 658 5438 D.
684 5397 714 5458 g.
740 5379 931 5458 episcopum
965 5376 1257 5457 Margarithensern
1290 5376 1528 5458 suffraganeum
1561 5386 1593 5438 et
1625 5378 1815 5438 canonicum

261 5483 453 5544 Plocensem
485 5493 642 5560 actorem,
675 5504 718 5544 ex
743 5504 812 5557 una,
846 5495 878 5546 et
910 5483 1023 5546 honor.
1048 5483 1243 5545 Stanislaum
1276 5483 1450 5564 plebanum
1483 5485 1514 5545 in
1539 5481 1695 5566 Smyewo
1726 5503 1814 5544 reum

261 5591 434 5651 occasione
458 5601 618 5652 certarum
643 5590 839 5652 decimarum
864 5592 895 5650 in
920 5591 991 5652 villa
1017 5589 1193 5653 Olschewo
1216 5589 1352 5656 Borzim.
1378 5591 1523 5671 partibus
1548 5611 1590 5652 ex
1614 5591 1723 5658 altera,
1748 5611 1814 5650 ver·

262 5709 353 5761 tente
377 5717 434 5760 seu
458 5699 698 5760 vertentibus...
717 5719 775 5778 per
799 5698 881 5760 hanc
907 5710 1052 5761 nostram
1077 5699 1276 5760 sentenciam
1302 5696 1539 5760 diffinitivam..
1564 5699 1815 5777 pronunciamus
