4458 6674
408 649 468 726 164
882 646 975 696 ACTA
995 645 1275 698 monuments.
1295 645 1484 696 PLOCENSIS

406 739 504 745 —...—.
513 738 845 745 ——m
1063 737 1292 744 -0----.—--—
1312 739 1360 744 —.—
1395 738 1403 743 -
1412 739 1582 744 -----—-
1591 738 1951 747 -——---—-——--—-———

403 858 598 922 Stanislaum
633 857 806 935 plebanum
840 859 868 918 in
894 855 1050 938 Smyewo
1082 856 1122 920 de
1147 877 1233 918 anno
1258 856 1322 918 Dni
1347 855 1449 920 MDX
1474 856 1614 919 decimas
1627 858 1649 935 1)
1680 860 1784 920 omnis
1810 861 1900 940 grani
1925 871 1957 925 et

369 1009 371 1014 ,
403 968 533 1030 seminis
557 967 682 1038 valoris,
719 977 754 1027 ut
778 967 961 1033 extimatur,
994 966 1089 1026 trium
1115 984 1350 1044 sexagenorum
1383 963 1424 1025 ad
1448 983 1616 1026 numerum
1641 965 1817 1028 solidorum
1849 969 1880 1028 in
1906 964 1957 1030 Ol·

403 1075 533 1136 schewo
557 1072 706 1151 Borzym,
732 1070 817 1153 [que]
844 1072 884 1132 ad
909 1091 1053 1132 mensam
1079 1071 1188 1132 Rmi..
1213 1072 1267 1134 dni
1292 1071 1419 1132 Erasini
1442 1069 1482 1132 D.
1506 1092 1535 1152 g.
1561 1073 1707 1153 episcopi
1737 1071 1901 1136 Plocensis
1925 1087 1957 1137 et

402 1181 584 1244 successive
616 1181 655 1241 ad
688 1180 828 1240 Rdurn..
861 1177 960 1238 dnum
994 1177 1219 1239 Michaelem..
1253 1179 1445 1258 episcopum
1477 1177 1771 1258 Margarithcnsem
1805 1179 1957 1262 suffraga-

403 1299 497 1350 neum
523 1296 556 1350 et
580 1288 770 1348 canonicum
796 1283 986 1347 Plocensem
1011 1287 1207 1346 tenutarium
1232 1287 1429 1346 decimarum
1455 1287 1653 1366 pretararum
1682 1306 1725 1348 ex
1749 1298 1837 1349 certa
1861 1289 1958 1350 dona·

402 1397 495 1456 cione
519 1394 721 1456 memorati..
746 1391 798 1453 dni
824 1392 950 1453 Erasini
976 1391 1014 1452 D.
1032 1413 1061 1472 g.
1086 1393 1233 1472 episcopi
1259 1390 1424 1454 Plocensis
1447 1413 1489 1454 ex
1506 1391 1579 1472 Il¹l2
1598 1393 1726 1462 mansis,
1751 1395 1804 1472 qui
1822 1415 1865 1456 ex
1881 1397 1958 1456 anti·

403 1503 474 1582 quis
498 1501 700 1582 temporibus
725 1499 853 1560 luerunt
877 1497 1100 1563 emethonales
1124 1510 1157 1560 et
1181 1518 1240 1579 per
1263 1498 1454 1560 emethones
1479 1499 1739 1576 possidebantur,
1767 1511 1866 1564 etex
1890 1501 1958 1564 aliis

403 1611 525 1670 mansis
548 1628 604 1670 seu
630 1609 716 1686 agris
740 1609 780 1669 de
806 1627 888 1668 nova
915 1607 1023 1670 radice
1047 1607 1222 1687 extirpatis
1253 1615 1286 1666 et
1310 1604 1538 1668 cmethonibus
1562 1625 1582 1668 a
1605 1605 1670 1667 XX
1698 1585 1777 1669 citra
1801 1609 1852 1670 vel
1876 1607 1957 1672 ultra

403 1715 495 1776 annis
520 1713 634 1776 locatis
658 1725 691 1775 et
717 1715 876 1792 possessis
900 1733 1028 1775 necnon
1052 1713 1209 1774 ortulanis
1234 1713 1394 1782 omnibus,
1425 1712 1635 1775 tabernatore
1659 1723 1692 1774 et
1717 1715 1872 1778 ortulano
1894 1733 1958 1776 uno

403 1823 490 1884 dieto
503 1819 816 1901 Szygmenthowicz‚
832 1820 885 1900 qui
899 1820 1015 1882 sedent
1028 1840 1122 1898 super
1138 1821 1225 1899 agris
1238 1840 1318 1900 pure
1332 1819 1535 1898 predialibuS,
1552 1821 1709 1899 exceptis.
1723 1816 1957 1907 [dinoscuntur]

404 1930 598 2011 pertinuisse
622 1938 655 1988 et
680 1939 856 2008 spectasse.
883 1939 980 2008 prout
1005 1929 1168 2007 pertinent
1192 1937 1226 1988 et
1247 1937 1399 2007 spectant
1423 1927 1512 1988 iuxta
1536 1937 1745 1988 statutum
1771 1928 1958 1990 diocesa-

404 2057 494 2096 num
520 2055 577 2116 per
602 2033 795 2114 prefatum..
819 2035 918 2096 dnum
944 2033 1114 2096 Erasmum
1140 2035 1330 2114 episcopum
1357 2033 1546 2095 Plocensem
1572 2053 1644 2094 cum
1669 2053 1728 2094 suo
1754 2055 1860 2096 vener.
1877 2037 1959 2115 capi·

403 2143 473 2204 tulo
497 2144 625 2204 noviter
641 2141 764 2206 editum
790 2152 822 2202 et
840 2141 960 2203 dudum
983 2161 1041 2221 per
1058 2151 1160 2202 totam
1178 2141 1333 2202 diocesim
1351 2139 1559 2220 publicatum,
1583 2141 1786 2204 temerarie..
1812 2143 1958 2222 rapuisse

404 2271 441 2314 ac
466 2253 497 2311 in
522 2269 613 2312 usum
641 2250 809 2330 proprium
831 2249 1063 2310 convertisse..
1087 2250 1119 2310 in
1135 2249 1280 2310 iniuriam
1305 2259 1338 2310 et
1354 2248 1532 2329 dampnum
1556 2251 1657 2327 ipsius
1680 2249 1735 2310 dni
1758 2247 1958 2330 Suffraganei

404 2371 437 2418 et
462 2369 636 2437 propterea
660 2357 701 2418 ad
719 2356 919 2418 solucionem
945 2357 1063 2417 valoris
1087 2355 1283 2418 decimarum
1307 2355 1504 2435 prefatorum
1531 2358 1625 2418 trium
1650 2354 1800 2420 videlicet
1824 2377 1959 2438 sexage-

404 2484 550 2526 narum..
564 2462 860 2544 compellendum..
877 2463 1110 2542 silenciumque
1129 2473 1322 2542 perpetuum
1337 2465 1396 2543 ipsi
1415 2462 1558 2542 plebano
1575 2460 1737 2524 Stanislao
1756 2464 1785 2524 in
1802 2460 1959 2544 Smyewo

404 2589 502 2650 super
525 2571 658 2632 decimis
682 2569 817 2650 prefatis
841 2572 871 2630 in
889 2567 1066 2632 Olschewo
1089 2567 1228 2649 Borzym
1253 2570 1402 2632 omnibus
1427 2579 1460 2632 et
1484 2571 1618 2648 singulis
1642 2582 1753 2649 preter
1776 2570 1958 2632 tabernato

404 2697 471 2737 rem
504 2688 537 2738 et
561 2678 743 2738 ortulanum
777 2679 866 2757 prius
897 2695 1090 2755 expressum
1125 2697 1164 2738 ac
1189 2677 1335 2756 predium
1369 2697 1428 2756 per
1461 2675 1615 2738 heredem
1646 2677 1719 2740 ville
1751 2697 1794 2739 ex
1817 2677 1959 2756 antiquis

404 2784 608 2865 temporibus
632 2785 752 2846 cultum
778 2793 811 2846 et
836 2803 933 2864 quem
958 2803 1042 2846 nunc
1065 2784 1143 2846 colit
1167 2783 1436 2864 imponendum..

618 2975 660 3040 A.
690 2975 814 3058 15132),
839 2978 870 3038 in
894 2977 983 3040 curia
1006 2977 1193 3058 episcopali.

513 3098 601 3168 358.
625 3101 724 3180 (Acta
748 3103 846 3181 episc.
871 3101 930 3178 Ia).
955 3099 1076 3163 Testes
1100 3101 1221 3164 inducti
1245 3121 1307 3181 pro
1331 3112 1426 3182 parte
1449 3102 1605 3164 nobilium
1631 3101 1782 3164 lobannis
1806 3101 1959 3166 Mroezek

406 3221 438 3272 et
463 3209 593 3270 Martini
618 3205 745 3288 Lypski
769 3219 883 3268 contra
906 3207 1005 3269 dnum
1030 3205 1226 3270 Stanislaum
1251 3209 1293 3269 de
1318 3205 1467 3270 Cansche
1491 3210 1681 3270 canonicum
1708 3209 1957 3272 Poltoviensem:

512 3314 674 3376 Primus
698 3315 791 3376 testis
823 3314 1005 3376 laboriosus
1029 3313 1180 3376 Andreas
1205 3314 1245 3374 de
1269 3313 1472 3376 Trczanka..
1505 3315 1662 3395 deposuit,
1696 3317 1769 3396 quia
1793 3328 1883 3378 certo
1908 3317 1959 3378 die

407 3421 545 3484 Veneris
569 3421 627 3484 luit
645 3422 676 3482 in
692 3423 779 3484 curia
802 3421 843 3482 ad
860 3421 1026 3484 dominum
1051 3419 1246 3482 Stanislaum
1271 3424 1463 3484 canonicum
1488 3421 1728 3484 Poltoviensem
1753 3425 1783 3485 in
1802 3423 1958 3488 lasczolth

406 3542 438 3593 et
462 3529 624 3592 stabulum
657 3551 717 3610 pro
742 3529 883 3590 adventu
908 3529 995 3591 dni..
1020 3529 1165 3590 canonici
1199 3527 1414 3591 Poltoviensis
1446 3528 1620 3609 reparabat
1651 3539 1684 3590 et
1708 3532 1795 3602 vidit.
1830 3531 1959 3611 quando

405 3647 472 3698 tres
496 3637 622 3716 equites
646 3637 845 3698 intraverunt
869 3637 988 3698 curiam
1020 3645 1053 3698 et
1077 3635 1119 3696 de
1143 3637 1236 3717 equis
1259 3637 1498 3698 descenderunt
1530 3647 1562 3698 et
1586 3637 1770 3699 salutabant
1795 3638 1958 3700 dominum

405 3743 595 3804 canonicum
622 3742 736 3804 Passer
761 3763 875 3806 manus
899 3743 1004 3804 eidem
1032 3743 1238 3824 porrigendo,
1271 3763 1335 3804 non
1360 3743 1481 3805 audivit
1506 3753 1616 3806 tamen
1640 3745 1743 3818 testis,
1775 3747 1801 3806 si
1825 3745 1958 3806 eosdem

406 3851 545 3930 propriis
570 3849 752 3912 nominibus
775 3851 921 3912 invitavit
945 3849 1028 3910 dnus
1044 3851 1218 3912 canonicus
1242 3859 1275 3912 et
1293 3861 1414 3912 extunc
1431 3850 1617 3912 immediate
1642 3852 1810 3929 pecierunt
1826 3851 1959 3926 nobiles,

406 3966 442 4018 ut
465 3957 505 4018 ad
529 3957 634 4036 ipsum
660 3957 794 4016 incuria
818 3965 1101 4034 nocturnarentur;
1125 3955 1207 4019 dnus
1232 3957 1408 4018 canonicus
1432 3957 1602 4037 respondit
1626 3977 1661 4020 se
1679 3977 1743 4020 non
1759 3956 1880 4020 habere
1897 3958 1959 4028 ubi,

408 4083 466 4125 nec
491 4063 613 4124 eisdem
640 4061 761 4143 aliquid
786 4063 863 4124 dare
888 4083 947 4143 pro
964 4061 1084 4143 pabulo
1109 4082 1282 4144 equorum;
1306 4077 1339 4126 et
1361 4067 1422 4146 ipsi
1447 4063 1573 4126 nobiles
1597 4065 1764 4127 dicebant:
1788 4063 1959 4127 Solvemus

406 4167 448 4230 V,
473 4167 631 4230 Dnacioni
656 4171 773 4242 omnia,
805 4171 936 4250 ponatis
960 4190 1020 4231 nos
1043 4169 1095 4232 hic
1129 4173 1160 4232 in
1186 4173 1272 4232 curia
1304 4173 1335 4232 in
1361 4191 1443 4252 pace
1475 4181 1508 4232 et
1532 4171 1619 4233 nullo
1644 4172 1743 4234 modo
1767 4172 1867 4234 voluit
1891 4192 1960 4252 per-

405 4285 600 4338 nocturnare
625 4277 768 4340 eosdem.
793 4277 1016 4358 Interrogatus
1041 4281 1144 4348 testis.
1169 4280 1194 4340 si
1219 4281 1312 4341 scivit
1337 4279 1419 4340 dnus
1444 4279 1627 4350 canonicus,
1652 4279 1741 4358 quod
1766 4279 1893 4341 suerunt
1919 4279 1959 4340 f-

407 4383 546 4446 miliares
570 4384 623 4446 dni
649 4384 803 4466 Episcopi
829 4385 879 4446 vel
905 4405 978 4456 non,
1003 4385 1185 4463 respondit:
1211 4385 1293 4446 sein
1311 4385 1373 4446 hoc
1393 4383 1489 4446 nichil
1512 4387 1602 4459 scire,
1627 4405 1687 4446 nec
1704 4387 1806 4448 eciam
1831 4385 1959 4457 audivit,

406 4491 432 4552 si
457 4489 601 4554 dicerent
625 4494 791 4566 canonico,
824 4493 912 4572 quod
943 4513 961 4554 a
986 4493 1053 4556 dno
1077 4492 1244 4573 Episcopo
1277 4493 1460 4570 equitamus
1491 4501 1523 4553 et
1548 4511 1660 4554 sumus
1690 4491 1835 4553 eiusdem
1868 4494 1959 4565 servi,

406 4607 533 4662 tantum
564 4611 767 4662 recesserunt
799 4619 841 4661 ex
865 4599 952 4662 curia
975 4600 1122 4662 canonici
1154 4598 1195 4663 ad
1219 4599 1389 4662 tabernam
1422 4599 1485 4660 iam
1518 4609 1595 4678 post
1619 4617 1772 4660 occasum
1796 4599 1882 4662 solis.
1917 4599 1960 4662 Et

407 4705 581 4766 canonicus
605 4715 723 4768 testem
750 4707 834 4768 misit
858 4707 899 4767 ad
924 4706 1176 4780 tabernatorem‚
1209 4705 1263 4768 ubi
1286 4704 1526 4766 collocaverant
1551 4725 1663 4785 equos,
1688 4713 1723 4766 ut
1747 4707 1827 4768 istos
1851 4706 1960 4768 vilissi-

407 4829 478 4874 mos
502 4809 646 4874 latrones
669 4812 699 4872 in
725 4813 860 4874 taberna
884 4834 943 4893 pro
961 4823 1057 4876 nocte
1081 4833 1146 4874 non
1172 4823 1323 4894 poneret;
1348 4821 1381 4874 et
1398 4812 1589 4874 tabernator
1613 4812 1794 4891 respondit:
1821 4811 1885 4874 lam
1903 4832 1960 4875 eos

407 4919 572 4998 expellere
596 4939 661 4979 non
687 4939 829 4999 possum,
861 4921 937 4999 quia
960 4921 1023 4992 iam
1048 4919 1169 4984 eisdem
1196 4917 1303 4983 lenum
1328 4929 1362 4980 et
1387 4937 1523 4980 avenam
1559 4937 1620 4998 pro
1644 4919 1789 4998 pecuniis
1813 4934 1960 4999 procura·

408 5038 522 5088 verunt
547 5027 638 5106 equis
661 5029 735 5087 suis.
772 5025 813 5087 Et
837 5028 1012 5089 canonicus
1044 5035 1172 5088 attento
1197 5046 1246 5096 eo,
1279 5027 1367 5106 quod
1392 5027 1526 5087 eosdem
1560 5025 1749 5087 tabernatot
1780 5045 1839 5106 pro
1866 5037 1960 5088 nocte

407 5135 619 5204 conservavit,
651 5136 737 5196 misit
762 5135 888 5214 signum
913 5135 1103 5197 obediencie
1128 5133 1205 5194 alias
1229 5133 1310 5206 cula,
1343 5144 1378 5194 ut
1402 5153 1516 5194 omnes
1545 5132 1649 5194 incole
1673 5135 1896 5209 convenirent;
1928 5145 1960 5196 et

408 5251 581 5320 postquam
606 5253 839 5314 convenerunt,
873 5243 1039 5304 mandavit
1064 5240 1230 5304 medietati
1256 5241 1432 5305 eorundem
1465 5242 1496 5302 in
1521 5241 1607 5301 curia
1631 5240 1810 5320 relinquere
1842 5253 1874 5301 ct
1898 5261 1961 5300 me·

407 5348 517 5410 dictati
542 5348 584 5409 ad
607 5349 773 5410 introitum
799 5349 879 5423 ville,
911 5350 989 5410 alias
1012 5370 1033 5410 u
1056 5347 1261 5421 kolowrotlm‚
1285 5359 1381 5418 stare,
1411 5356 1446 5410 ut
1470 5347 1679 5422 custodirent,
1704 5346 1853 5411 reserens.
1886 5349 1960 5426 quia

408 5455 460 5517 isti
484 5455 625 5518 latrones
649 5455 851 5535 equitabunt,
884 5465 918 5518 ut
943 5454 1060 5530 fenum,
1093 5473 1230 5517 avenam
1262 5452 1314 5515 vel
1339 5451 1534 5519 frumentum
1568 5456 1633 5516 suis
1657 5453 1749 5532 equis
1781 5473 1840 5532 pro
1865 5465 1960 5516 nocte

517 5592 534 5662 ¹)
553 5564 769 5645 Codi—decimam.

516 5681 535 5752 ¹)
557 5686 623 5734 Data
642 5685 701 5734 dniu
721 5701 780 5752 pruy
799 5695 851 5735 tem
869 5685 1059 5752 przeslitchaniu
1077 5685 1215 5736 swisdkdw
1235 5685 1275 5734 nie
1294 5684 1390 5736 marita
1408 5684 1535 5750 capitana.
