4458 6674
423 717 435 762 Ι
442 715 485 779 24
898 703 990 749 AC'I‘A
1011 701 1131 751 IUlllCll
1151 703 1289 752 ttcCLES.
1308 703 1497 754 PLocuNsls

420 791 794 798 —-—.--
1015 794 1173 799 --—...-.
1228 795 1300 800 ,ψ
1337 795 1549 802 .——-—-
1574 797 1624 802 —.
1890 797 1955 802 --——

419 911 556 974 tuarium
589 931 661 972 cum
687 912 764 973 totis
789 911 957 974 frumentis
988 925 1020 974 et
1045 913 1170 974 ulceam
1203 925 1280 994 post
1304 934 1327 976 s.
1353 913 1490 976 Petrum.
1531 915 1612 978 Item
1647 915 1770 994 prefate
1802 914 1972 978 Dorothee

420 1020 514 1080 aratri
531 1039 588 1080 sue
612 1031 645 1082 et
663 1019 771 1098 pueris
796 1017 894 1080 Paulo
918 1029 951 1081 et
968 1018 1137 1081 Dorothee
1161 1033 1267 1082 ortum
1293 1023 1440 1102 superius
1455 1042 1528 1082 cum
1547 1023 1777 1104 promptuariis
1798 1034 1831 1084 et
1848 1022 1972 1084 ulceam

420 1126 656 1206 Vyedrowslta.
693 1125 772 1188 Item
799 1126 929 1186 domum
955 1145 1055 1196 suam,
1087 1129 1117 1187 in
1144 1149 1206 1206 qua
1231 1128 1391 1200 manebat,
1417 1129 1510 1189 matri
1535 1149 1608 1189 curn
1634 1133 1741 1209 pueris
1765 1132 1830 1190 suis
1853 1130 1974 1211 legavit

420 1247 453 1296 et
477 1234 572 1295 aliam
598 1234 729 1294 domum
762 1234 793 1294 in
819 1231 927 1312 platea
958 1233 1096 1294 balneali
1129 1249 1161 1295 et
1186 1253 1299 1295 omncs
1332 1255 1437 1314 equos
1469 1246 1502 1296 et
1526 1255 1641 1298 omnes
1665 1256 1776 1298 currus
1799 1237 1892 1298 uxori
1917 1257 1973 1296 sue

420 1341 562 1402 Barbare
588 1339 716 1422 legavit.
741 1339 821 1400 Item
848 1338 911 1400 filio
936 1361 1067 1402 omnem
1093 1342 1245 1401 amictum
1271 1361 1362 1402 suum
1389 1341 1518 1422 legavit.
1546 1342 1626 1404 Item
1649 1345 1741 1404 macri
1759 1343 1806 1404 IV
1822 1341 1974 1406 scutellas

419 1461 572 1509 stanneas
596 1447 717 1526 legavit
749 1455 782 1507 et
806 1447 967 1509 residuam
999 1447 1233 1528 supellectilem
1265 1447 1478 1511 domesticam
1512 1451 1541 1510 in
1567 1459 1692 1523 stanno,
1725 1471 1826 1529 cupro
1854 1463 1887 1512 et
1911 1469 1973 1522 ere,

420 1557 666 1636 quibuscunque
699 1555 882 1614 nominibus
913 1565 1079 1628 vocentur,
1104 1557 1196 1617 uxori
1221 1577 1293 1616 cum
1320 1558 1427 1636 pueris
1458 1555 1577 1637 legavit
1609 1567 1642 1619 et
1669 1559 1854 1637 assignavit.
1893 1557 1972 1618 Item

422 1664 548 1724 duobus
573 1661 760 1744 presbiteris
792 1661 937 1740 quolibet
961 1682 1047 1721 anno
1079 1683 1137 1742 per
1161 1661 1188 1723 C
1211 1685 1257 1742 gr.
1283 1665 1324 1724 ad
1349 1663 1521 1742 legendum
1555 1666 1670 1724 missas
1701 1685 1761 1744 pro
1785 1667 1893 1724 anima
1917 1683 1974 1724 sua

420 1770 552 1844 tamdiu,
577 1769 729 1848 quamdiu
754 1768 977 1848 obligaciones
1003 1769 1146 1830 villarum
1172 1769 1342 1838 durabunt,
1369 1771 1552 1850 assignavit.
1577 1770 1659 1832 Item
1685 1771 1809 1850 prefate
1833 1770 1973 1832 Barbare

420 1876 514 1938 uxori
538 1895 596 1937 sue
620 1875 732 1955 predia
756 1885 789 1936 et
807 1874 897 1936 villas
922 1876 1083 1956 obligatas
1108 1877 1255 1956 aspicere
1279 1879 1441 1939 commisit
1466 1878 1596 1944 tamdiu,
1621 1879 1772 1957 quamdiu
1790 1879 1892 1940 vlrum
1910 1898 1974 1938 non

419 1984 577 2046 traducet.
602 1981 683 2044 Item
707 1981 780 2042 dnis
797 1984 1026 2044 executoribus
1045 1983 1073 2042 X
1091 2003 1274 2061 sexagenas
1293 2005 1337 2062 gr.
1357 1987 1385 2044 in
1405 1985 1519 2046 mediis
1536 2005 1582 2064 gr.
1600 2005 1660 2065 pro
1677 1983 1778 2067 fatiga
1799 1987 1974 2065 ipsorum..

421 2092 607 2172 assignavit,
632 2089 694 2150 alla
710 2099 819 2150 autem
838 2089 945 2150 omnia
970 2099 1002 2149 et
1020 2089 1145 2170 singula
1162 2091 1271 2152 debita
1297 2101 1329 2150 et
1347 2089 1554 2170 supellectilia
1574 2093 1754 2154 domestica
1779 2113 1838 2172 per
1854 2093 1973 2154 dictum

420 2208 612 2261 testatorem
636 2193 746 2268 oblita,
780 2216 842 2276 que
865 2195 941 2256 huic
965 2217 1027 2258 non
1054 2209 1128 2258 sunt
1152 2198 1274 2258 inserta
1303 2207 1511 2265 testamento.
1543 2199 1613 2258 dnis
1638 2200 1867 2260 executoribus
1890 2219 1974 2260 com·

421 2305 506 2366 misit
531 2325 591 2383 pro
607 2305 713 2366 anima
737 2322 794 2364 sua
812 2304 1075 2383 dispensandum,
1100 2306 1276 2364 secundum
1302 2303 1389 2384 quod
1407 2306 1486 2382 ipsis
1504 2305 1617 2366 melius
1633 2317 1666 2367 et
1685 2305 1791 2368 utiIius
1808 2305 1975 2368 videbitur.

420 2411 507 2473 Acta
533 2421 608 2472 sunt
631 2411 691 2472 hec
716 2430 809 2480 anno,
835 2409 1049 2471 indiccione..
1074 2411 1190 2490 quibus
1214 2431 1345 2490 supra..

529 2513 619 2582 268.
652 2517 828 2598 (Ibidem)..
860 2516 986 2578 Nobilis
1011 2515 1163 2579 Stesanus
1187 2517 1422 2598 Kowalewsky
1447 2521 1578 2580 nomine
1603 2539 1662 2580 suo
1694 2529 1728 2580 et
1753 2521 1861 2582 uxoris
1885 2539 1975 2582 sue..

420 2637 536 2688 contra
558 2625 671 2686 honor.
696 2623 794 2684 dnum
819 2624 998 2686 Iohannem
1022 2625 1176 2685 heredem
1201 2636 1235 2686 et
1260 2624 1433 2704 plebanum
1459 2627 1490 2686 in
1512 2623 1709 2707 Malyuzyno
1734 2637 1767 2688 et
1791 2627 1890 2706 ipsius
1914 2647 1976 2688 ma·

417 2744 502 2796 trem
527 2731 737 2794 Barbaram..
762 2732 862 2794 verbo
886 2733 1066 2811 proposuit,
1093 2731 1181 2811 quod
1204 2753 1232 2792 a.
1251 2732 1288 2792 D.
1311 2731 1395 2811 1506
1418 2733 1470 2793 die
1494 2745 1527 2794 et
1552 2753 1663 2794 mense
1688 2736 1785 2796 certis
1808 2736 1977 2796 venientes

420 2842 452 2900 in
475 2839 609 2900 domum
642 2837 759 2920 prelati
783 2838 838 2898 dni
862 2837 1008 2900 Sthesani
1033 2836 1268 2918 Kowalewsky
1298 2840 1329 2899 iu
1355 2836 1526 2900 Gadnowo
1558 2853 1672 2902 contra
1697 2839 1780 2902 velle
1811 2854 1844 2902 et
1869 2838 1977 2902 volun·

421 2957 524 3010 tatem
540 2947 699 3008 dictorum
723 2944 871 3007 Sthelani
893 2955 926 3006 et
943 2965 1000 3006 sue
1018 2946 1128 3006 uxoris
1152 2957 1344 3024 receperunt
1369 2947 1560 3026 margaritas
1584 2949 1616 3008 ln
1633 2947 1785 3008 fasciculo
1810 2947 1977 3027 colligatas

422 3053 575 3135 ponderis
609 3061 642 3113 et
665 3052 783 3112 valoris
808 3049 883 3112 Vlll
907 3049 1054 3112 ulnarum
1079 3071 1206 3112 necnon
1230 3051 1340 3112 crinile
1372 3051 1450 3114 alias
1473 3053 1618 3114 llzkunka
1646 3055 1827 3134 margaritis
1851 3064 1976 3116 textam

424 3181 462 3224 ac
477 3159 641 3243 cingulum
658 3167 796 3240 argento
813 3157 1024 3234 elaboratum,
1049 3161 1191 3220 manicas
1207 3161 1248 3220 de
1264 3171 1440 3221 examento
1457 3161 1558 3240 nigro,
1576 3159 1741 3240 pelliceam
1764 3163 1976 3222 mardurmam

424 3268 545 3330 valoris
575 3265 674 3328 XXX
707 3285 943 3346 sexagenarum
975 3267 1006 3326 in
1031 3267 1156 3338 mediis,
1188 3286 1250 3346 que
1282 3268 1390 3326 omnia
1420 3266 1460 3326 de
1485 3267 1583 3327 domo
1609 3267 1805 3347 prelatorum
1831 3266 1977 3330 Sthelani

424 3375 534 3436 uxoris
565 3394 623 3436 sue
654 3375 909 3453 deportaverunt
941 3383 974 3434 et
1007 3376 1036 3434 in
1062 3374 1194 3434 domum
1227 3393 1317 3434 suam
1350 3373 1526 3435 Intulerunt
1558 3384 1590 3434 et
1614 3374 1807 3436 multociens
1834 3375 1978 3454 requisiti

424 3502 526 3561 usque
551 3481 742 3542 inhactenus
765 3481 936 3542 restituere
961 3501 1025 3540 non
1050 3491 1252 3554 curaverunt,
1286 3490 1402 3560 petens
1427 3481 1560 3542 eosdem
1592 3483 1633 3541 ad
1657 3481 1899 3544 restitucionem
1924 3492 1978 3542 aut

423 3591 490 3651 veri
514 3588 632 3650 valoris
655 3588 857 3649 solucionem
881 3587 1079 3668 prelatorum
1106 3591 1179 3669 cogi
1203 3599 1236 3648 et
1261 3587 1421 3668 compelli.
1447 3587 1489 3648 Et
1505 3589 1624 3650 ibidem
1648 3589 1793 3669 prelatus
1817 3589 1978 3650 lohannes

424 3695 582 3777 plebanus
605 3715 648 3756 ex
673 3695 843 3757 adverso..
868 3693 1033 3775 allegavit,
1069 3697 1092 3755 si
1119 3706 1152 3755 et
1177 3697 1206 3754 in
1232 3705 1387 3774 quantum
1415 3698 1535 3775 recepi,
1568 3715 1631 3756 non
1656 3697 1799 3776 ipsorum
1831 3695 1979 3758 Sthelani

421 3814 457 3866 et
474 3803 584 3865 uxoris
601 3805 711 3882 ipsius,
736 3801 792 3864 sed
811 3812 845 3864 ut
862 3803 994 3882 propria
1019 3803 1135 3882 recepi.
1161 3802 1348 3882 Ibidemque
1374 3801 1519 3881 prelatus
1543 3803 1627 3863 dnus
1646 3804 1805 3882 plebanus
1829 3801 1980 3882 allegavit

423 3909 641 3971 infirmitatem
672 3911 785 3971 matris
816 3928 881 3980 sue,
914 3921 1030 3988 petens
1062 3910 1234 3969 terminum
1267 3911 1461 3984 continuari;
1496 3922 1528 3969 et
1559 3910 1660 3970 Rmus
1692 3911 1775 3970 dnus
1806 3913 1978 3972 termInum

424 4038 526 4096 usque
548 4015 590 4076 ad
611 4015 908 4079 convalescensiam
933 4015 1037 4077 eidem
1062 4017 1272 4077 continuavit.
1298 4016 1340 4077 Et
1365 4017 1482 4077 ibidem
1506 4017 1586 4078 dnus
1610 4015 1841 4096 Kowalewsky
1866 4028 1979 4078 contra

424 4125 523 4186 dnum
554 4123 730 4185 Iohannem
755 4123 928 4203 plebanum
955 4125 1134 4203 proposuit,
1159 4123 1327 4202 quomodo
1351 4125 1422 4200 ipse
1446 4123 1529 4184 dnus
1553 4123 1713 4184 Iohannes
1737 4125 1867 4186 racione
1894 4125 1980 4185 dotis

425 4231 547 4292 sororis
563 4249 629 4306 sue,
646 4231 757 4291 uxoris
774 4231 891 4311 prelati
906 4228 1148 4310 Kowalewsky,
1165 4231 1313 4310 promisit
1331 4251 1390 4310 pro
1407 4241 1499 4309 parte
1516 4249 1573 4290 sua
1589 4229 1651 4290 XL
1668 4250 1851 4312 sexagenas
1875 4231 1979 4292 eidem

425 4337 587 4400 Sthesano
612 4337 690 4399 dare
714 4349 747 4398 et
770 4336 925 4399 exolvere
956 4357 1016 4416 pro
1041 4347 1190 4415 tempore
1214 4345 1291 4398 tunc
1315 4357 1483 4416 expresso,
1515 4339 1577 4397 iam
1603 4357 1680 4397 vero
1704 4337 1827 4416 elapso,
1863 4335 1980 4416 allega·

425 4441 570 4529 vit[que],
602 4445 691 4526 quod
715 4443 776 4506 dos
798 4447 841 4506 sit
863 4443 904 4506 de
929 4442 1000 4504 foro
1026 4444 1170 4516 seculari,
1204 4463 1303 4522 quare
1330 4445 1426 4522 peciit
1451 4455 1575 4523 partem
1600 4463 1691 4504 suam
1716 4444 1757 4504 ad
1782 4441 1887 4503 iorum
1912 4463 1981 4522 pre·

425 4551 527 4615 fatum
559 4563 592 4614 et
616 4552 765 4613 iudicium
798 4549 942 4613 seculare
973 4551 1105 4627 remitti;
1137 4549 1296 4611 Sthefano
1330 4549 1492 4632 allegante
1516 4563 1548 4611 et
1573 4551 1708 4618 dicente.
1741 4551 1828 4630 quod
1852 4551 1923 4628 ipse
1947 4560 1980 4610 et

425 4657 541 4721 fratres
564 4661 612 4720 sui
636 4659 758 4720 habent
782 4671 906 4720 certum
931 4657 1133 4739 privilegium
1159 4659 1224 4717 suis
1248 4658 1441 4718 adversariis
1466 4661 1495 4717 in
1520 4657 1637 4717 iudicio
1661 4659 1804 4718 terrestri
1829 4675 1894 4717 non
1920 4675 1979 4717 res·

428 4766 601 4848 pondendi,
627 4767 685 4827 sed
702 4767 806 4827 solum
824 4785 934 4826 coram
961 4765 998 4825 R.
1019 4764 1087 4826 Mte
1104 4765 1323 4844 comparendi,
1349 4775 1464 4843 petens
1488 4764 1606 4824 dictam
1632 4783 1761 4824 causam
1786 4783 1845 4845 per
1861 4764 1979 4825 Rmum

425 4874 524 4936 dnum
556 4874 696 4935 iudicari.
736 4873 778 4934 Et
803 4871 906 4934 Rmus
938 4873 1020 4934 dnus
1051 4871 1170 4932 auditis
1194 4872 1379 4932 hincinde..
1412 4870 1665 4949 allegationibus
1697 4869 1857 4950 prelatum
1882 4870 1979 4931 dnum

427 4981 602 5060 plebanum
627 4980 667 5042 ad
693 4980 842 5042 iudicium
869 4991 1021 5041 terrestre
1047 4979 1128 5040 illius
1151 4979 1329 5051 districtus,
1354 4979 1385 5036 in
1411 4997 1476 5056 quo
1500 4997 1556 5037 sua
1580 4977 1666 5039 bona
1690 4977 1884 5039 hereditaria
1910 4999 1981 5058 pos-

427 5088 520 5159 sidet,
552 5107 624 5148 cum
651 5086 779 5167 prelato
804 5088 868 5147 dno
893 5083 1052 5148 Sthefano
1082 5087 1210 5146 racione
1242 5085 1329 5145 dotis
1361 5083 1487 5164 prefate
1512 5085 1642 5152 remisit,
1673 5086 1717 5146 ita
1741 5095 1859 5158 tamen,
1893 5083 1980 5164 quod

427 5215 485 5276 per
509 5193 691 5256 huiusmodi
723 5192 852 5272 plebani
883 5196 914 5254 In
940 5195 1057 5253 iudicio
1085 5194 1230 5253 terrestri
1254 5192 1527 5272 comparicionem
1560 5203 1591 5252 et
1617 5193 1864 5272 responsionem
1889 5193 1981 5272 prIvi-

426 5303 513 5382 legio
536 5301 670 5363 fratrum
695 5303 803 5381 ipsius,
829 5304 883 5380 qui
907 5299 1069 5363 seculares
1093 5311 1183 5370 sunt,
1208 5299 1392 5360 nullatenus
1417 5299 1635 5377 preiudicetur
1659 5311 1713 5360 aut
1737 5299 1923 5379 derogetur.

639 5494 682 5556 Α.
713 5497 803 5574 1508,
827 5494 934 5556 Martii
962 5495 1010 5566 28,
1036 5498 1066 5554 ln
1093 5493 1223 5555 Gorzno
1248 5495 1279 5554 in
1303 5495 1392 5553 curia
1417 5493 1603 5572 epIscopali.

534 5614 623 5682 269.
648 5618 746 5701 (Acta
763 5621 861 5699 episc.
879 5618 984 5696 Vlll..
1010 5619 1042 5679 ln
1060 5639 1160 5680 causa
1184 5619 1296 5678 honor.
1315 5616 1448 5690 Nicolai,
1473 5618 1630 5697 prepositi
1657 5619 1685 5678 in
1703 5615 1844 5694 Gorzno,
1868 5627 1982 5678 contra

427 5727 669 5787 universitatem
695 5725 870 5787 incolarum
904 5737 937 5788 et
961 5725 1174 5790 Irmethonum
1207 5727 1238 5785 in
1263 5723 1459 5788 Sczuthowo
1484 5723 1637 5804 parochie
1662 5724 1820 5793 eiusdem,
1845 5723 1981 5786 Rmus..
2016 5779 2022 5794 ,
