4392 6672
421 657 460 720 52
899 639 992 689 ACTA
1011 639 1134 688 IUDlClI
1152 639 1288 688 ECCLES.
1309 638 1498 688 Phocensis

417 853 596 916 elaboratis
622 853 647 912 ll
674 853 818 933 pelliceis
844 853 974 914 residuo
1000 849 1128 932 pellium
1155 861 1300 912 restante
1324 849 1408 913 idem
1430 851 1608 912 ieronimus
1632 863 1707 930 post
1733 861 1871 911 mortem
1896 851 1972 911 dicti

420 961 549 1020 Martini
575 957 729 1020 Mroczek
756 979 849 1020 unam
876 959 1043 1038 pelliceam
1070 969 1103 1020 et
1121 961 1285 1038 pociorem
1311 959 1446 1019 edomo
1471 957 1545 1018 dicti
1572 956 1725 1020 Mroczelc
1748 975 1820 1018 curn
1846 957 1974 1018 residui-

423 1077 490 1128 tate
516 1065 644 1147 pellium
669 1067 709 1126 ad
735 1088 770 1127 se
795 1068 824 1126 in
851 1066 1032 1126 Zaeroczim
1058 1065 1129 1126 tulit
1161 1076 1194 1126 et
1218 1067 1321 1144 ipsam
1349 1062 1516 1142 pelliceam
1544 1064 1698 1125 induebat
1730 1075 1762 1126 et
1786 1061 1973 1124 ambulabat

419 1185 452 1236 et
476 1193 555 1244 eam,
580 1171 749 1234 ambulans
765 1183 798 1234 et
816 1183 950 1253 portans
974 1172 1128 1241 indutam,
1154 1171 1402 1232 commaculavit
1426 1181 1459 1232 et
1477 1171 1572 1232 vilem
1598 1179 1807 1249 veteremque
1831 1191 1872 1232 ex
1890 1191 1971 1230 nova

420 1280 502 1344 lecit.
536 1282 700 1340 extimans
733 1279 884 1340 damnum
911 1279 1045 1358 pellicee
1078 1290 1110 1340 et
1136 1277 1265 1357 pellium
1298 1277 1338 1337 ad
1364 1276 1424 1340 XL
1449 1275 1515 1338 llor.
1540 1287 1657 1358 petens
1689 1297 1762 1338 eum
1793 1278 1825 1336 in
1850 1278 1973 1338 eisdem

419 1386 637 1448 condemnari.
662 1386 854 1448 Exadverso
879 1385 1055 1446 leronimus
1080 1383 1184 1446 fassus
1201 1395 1258 1456 est,
1284 1385 1370 1464 quod
1389 1382 1510 1446 seilicet
1534 1385 1654 1446 dictam
1672 1381 1840 1464 pelliceam
1866 1386 1972 1446 indue-

419 1495 474 1554 bat
500 1504 533 1556 et
558 1493 701 1554 indutam
728 1491 889 1572 portabat,
914 1491 1053 1554 offerens
1077 1511 1112 1553 se
1137 1491 1316 1554 soluturum
1341 1493 1494 1566 eandem,
1527 1503 1685 1572 quatenus
1709 1503 1759 1552 est
1784 1491 1973 1570 depeiorata

419 1611 452 1662 et
476 1599 546 1661 vilis
571 1597 663 1672 iacta,
689 1599 911 1660 residuitatem
936 1609 1045 1660 autem
1071 1597 1201 1676 pellium
1227 1597 1331 1660 lassus
1356 1595 1414 1658 suit
1431 1617 1466 1658 se
1484 1596 1604 1658 habere
1628 1607 1661 1660 et
1677 1617 1806 1660 servare
1828 1597 1973 1670 fideliter,

419 1707 559 1768 offerens
582 1726 618 1768 se
643 1708 863 1768 restituturum
889 1706 1019 1768 easdem
1046 1707 1174 1784 pellium
1201 1705 1414 1766 residuitates.
1439 1704 1483 1766 Et
1499 1704 1582 1766 dnus
1602 1703 1706 1764 Rmus
1730 1705 1904 1784 episcopus
1921 1703 1973 1766 de·

420 1813 640 1893 c1·evit,quod
665 1813 809 1893 magistri
835 1811 1045 1874 fraternitatis
1071 1813 1239 1892 pellificum
1266 1811 1433 1874 revideant
1458 1813 1590 1874 easdem
1607 1811 1813 1872 residuitates
1837 1821 1871 1872 et
1888 1810 1973 1892 pelli-

421 1940 513 1982 ceam
537 1928 665 1996 taxent;
697 1920 751 1998 qui
775 1919 958 1982 huiusmodi
982 1919 1187 1982 residuitates
1212 1919 1395 1982 revidentes
1419 1918 1603 1989 retulerunt,
1630 1919 1718 1998 quod
1743 1917 1838 1978 nichil
1862 1919 1970 1980 damni

419 2031 449 2088 in
468 2028 590 2088 eisdem
617 2025 736 2087 sactum
761 2041 820 2096 est,
846 2039 955 2105 preter
978 2025 1141 2088 desectum
1168 2028 1261 2086 trium
1287 2028 1421 2102 cutium;
1446 2021 1614 2104 pelliceam
1639 2045 1717 2086 vero
1741 2027 1973 2086 estimaverunt

420 2134 558 2195 valuisse
582 2142 616 2192 et
635 2133 739 2192 valere
764 2133 843 2195 XVI
869 2153 993 2204 aureosi,
1018 2145 1051 2194 et
1076 2135 1101 2194 si
1118 2153 1177 2214 per
1194 2133 1383 2212 magistrum
1410 2133 1547 2212 peritum
1572 2131 1657 2194 bene
1681 2131 1792 2194 fuisset
1818 2132 1972 2198 laborata,

420 2239 544 2300 valeret
569 2247 602 2300 et
619 2239 727 2300 valere
745 2248 858 2318 posset
876 2239 937 2300 XX
954 2259 1071 2302 aureos
1088 2253 1120 2301 et
1139 2241 1229 2300 ultra.
1255 2240 1297 2302 Et
1314 2238 1396 2300 dnus
1421 2237 1524 2300 Rmus
1549 2239 1700 2308 decrevit,
1725 2237 1812 2318 quod
1831 2237 1973 2318 prelatus

422 2345 599 2406 ieronimus
633 2345 801 2426 pelliceam
827 2345 885 2408 sibi
911 2347 1019 2427 capiat
1050 2359 1082 2408 et
1108 2349 1206 2428 ipsius
1230 2346 1373 2408 valorem
1399 2345 1465 2408 dno
1491 2345 1585 2407 Petro
1609 2346 1765 2406 canonico
1789 2345 1894 2406 solvat
1918 2355 1974 2406 aut

323 2465 327 2472 ·
419 2451 497 2514 alias
521 2453 647 2514 interim
674 2463 706 2514 et
724 2452 834 2514 leriam
860 2455 992 2516 terciam
1010 2473 1102 2534 prox.
1129 2474 1200 2514 curn
1218 2453 1283 2514 dno
1301 2454 1457 2514 canonico
1481 2461 1668 2532 componat,
1693 2455 1774 2514 etsi
1800 2471 1863 2512 non
1889 2473 1962 2512 com

419 2561 573 2640 posuerit,
598 2557 735 2620 eandem
759 2558 871 2620 feriam
897 2559 976 2620 ΙΙΙΙιιιι
1000 2562 1077 2640 ipsis
1103 2561 1143 2620 ad
1160 2561 1355 2622 audiendum
1380 2561 1577 2620 sentenciam
1603 2558 1765 2640 prefixit..

634 2749 676 2810 A.
707 2753 797 2828 1484,
822 2749 948 2832 Aprilis
973 2767 1024 2823 21,
1048 2753 1079 2812 in
1106 2749 1205 2814 Ploclr
1230 2753 1260 2812 in
1286 2753 1374 2814 curia
1397 2751 1584 2832 episcopali.

530 2870 616 2938 139.
646 2873 744 2955 (Acta
768 2875 865 2954 episc.
890 2875 975 2957 Ill)..
1011 2877 1147 2937 Rmus..
1171 2877 1253 2938 dnus
1277 2875 1391 2938 Petrus
1415 2875 1455 2938 D.
1479 2897 1509 2956 g.
1534 2878 1710 2956 episcopus
1734 2874 1897 2938 Plocensis
1921 2899 1972 2938 au·

420 2981 494 3042 ditis
518 2979 777 3044 altricacionibus
802 2991 835 3044 et
859 2981 1053 3044 differenciis
1077 2985 1161 3044 inter
1185 2983 1295 3044 honor.
1321 2981 1499 3044 Iohannem
1526 2983 1699 3062 plebanum
1724 2983 1764 3044 ad
1789 3004 1813 3046 s.
1838 2983 1972 3046 Bartho-

420 3089 560 3150 lomeum
585 3089 668 3150 ultra
692 3108 802 3151 muros
827 3088 1008 3158 Plocenses,
1034 3111 1075 3150 ex
1100 3111 1171 3162 una,
1196 3101 1228 3152 et
1249 3089 1400 3152 consules
1425 3089 1607 3162 Plocenses
1632 3091 1778 3171 partibus
1802 3090 1844 3151 ab
1861 3088 1971 3164 altera,

420 3196 460 3256 de
485 3205 517 3256 et
534 3213 631 3274 super
655 3193 827 3274 sepulturis
853 3207 927 3276 post
945 3196 1094 3258 consules
1118 3196 1315 3258 decedentes
1340 3206 1373 3258 et
1390 3197 1553 3258 eleccione
1577 3198 1763 3260 vitricorum
1788 3217 1825 3258 ac
1843 3199 1971 3260 racione

421 3322 478 3382 per
504 3303 593 3380 ipsos
616 3302 749 3364 vitricos
774 3302 929 3378 facienda,
956 3305 1122 3366 innitendo
1147 3305 1371 3366 consuetudini
1396 3305 1537 3384 antique,
1571 3325 1665 3387 quam
1691 3305 1790 3366 debet
1814 3305 1973 3386 plebanus

420 3427 529 3468 coram
554 3407 620 3468 dno
637 3407 761 3470 officiali
787 3408 932 3471 Plocensi
958 3410 1105 3489 probare,
1132 3411 1275 3472 decrevit
1299 3420 1331 3471 et
1348 3411 1560 3472 sentenciavit
1585 3413 1615 3470 in
1633 3412 1724 3482 hunc,
1750 3413 1803 3492 qui
1820 3414 1973 3491 sequitur,

420 3513 561 3588 modum,
595 3516 682 3594 quod
708 3517 767 3595 ipsi
791 3516 949 3588 consules,
974 3519 1117 3597 ipsorum
1150 3537 1270 3579 uxores
1294 3527 1327 3580 et
1352 3519 1441 3598 pueri
1467 3539 1508 3578 eo
1532 3528 1691 3598 tempore,
1716 3538 1781 3598 quo
1805 3521 1837 3580 in
1861 3538 1972 3581 consu-

421 3624 486 3684 latu
512 3623 658 3684 existunt
682 3633 715 3684 et
740 3642 799 3702 per
823 3623 1065 3702 deposicionem
1091 3623 1259 3686 cuiuslibet
1284 3643 1395 3684 eorum
1420 3625 1461 3686 de
1481 3623 1651 3688 consulatu
1676 3645 1735 3706 per
1752 3645 1870 3687 annum
1895 3628 1973 3688 inte·

420 3749 511 3810 grum
538 3741 614 3809 post
638 3729 892 3808 deposicionem,
917 3731 1100 3811 sepulturas
1124 3733 1213 3812 ipsas
1238 3730 1365 3794 solvere
1389 3751 1453 3792 non
1479 3731 1683 3802 tenebuntur,
1707 3751 1767 3793 nec
1782 3733 1897 3813 aliquis
1921 3753 1971 3794 eo·

420 3857 488 3899 rum
514 3837 685 3908 tenebitur,
717 3856 831 3918 ymmo
855 3850 948 3899 erunt
973 3841 1120 3917 exempti
1152 3858 1170 3900 a
1195 3839 1360 3900 solucione
1384 3849 1417 3900 et
1442 3839 1531 3900 liberi
1559 3839 1702 3918 ipsarum
1727 3838 1973 3918 sepulturarum,

420 3955 497 4026 post
521 3943 647 4025 lapsum
673 3965 750 4005 vero
768 3945 859 4008 unius
884 3947 957 4006 anni
976 3955 1052 4026 post
1068 3946 1314 4029 deppsicionem
1339 3947 1556 4026 cuiuscunque
1573 3947 1718 4026 ipsorum
1736 3948 1775 4009 de
1794 3947 1971 4022 consulatu,

420 4061 455 4113 ut
479 4052 578 4112 ceteri
602 4052 690 4112 cives
715 4061 747 4114 et
771 4053 865 4114 vicini
891 4053 1089 4114 tenebuntur
1113 4055 1152 4114 ad
1178 4053 1378 4116 solucionem
1404 4055 1579 4116 earundem
1604 4053 1851 4134 sepulturarum.
1889 4055 1971 4118 Item

420 4159 504 4220 idem
530 4157 634 4220 Rmus
657 4157 740 4220 dnus
765 4157 949 4240 Episcopus
973 4161 1075 4224 eciam
1101 4162 1277 4223 decrevit..
1303 4161 1390 4240 quod
1408 4161 1462 4222 dni
1479 4159 1635 4236 consules,
1662 4161 1792 4242 quando
1816 4163 1974 4224 deberent

421 4263 542 4348 eligere
575 4277 608 4328 et
638 4265 786 4328 ordinare
818 4267 949 4328 vitricos
980 4269 1115 4329 ecclesie
1139 4266 1257 4328 ibidem
1290 4269 1330 4328 ad
1355 4289 1378 4330 s.
1402 4267 1678 4342 Bartholomeurn‚
1711 4267 1832 4331 debent
1857 4289 1973 4332 vocare

421 4373 522 4434 dnum
541 4371 713 4452 plebanum
731 4373 772 4434 ad
790 4373 891 4451 ipsam
906 4373 1102 4436 eleccionem
1121 4385 1243 4436 etcum
1261 4395 1420 4437 consensu
1438 4385 1471 4436 et
1488 4377 1629 4436 unanimi
1645 4375 1813 4437 voluntate
1830 4379 1972 4438 omnium

422 4479 572 4541 videlicet
596 4481 763 4541 consulum
789 4493 822 4543 et
840 4479 967 4562 plebani
992 4483 1082 4562 ipsos
1098 4484 1229 4544 vitricos
1254 4492 1406 4552 statuere,
1431 4482 1579 4544 ordinare
1603 4493 1636 4546 et
1652 4503 1776 4562 ponere
1793 4503 1973 4565 omnesque

421 4586 522 4660 simul,
556 4587 710 4666 quociens
735 4589 824 4668 ipsos
856 4589 986 4650 vitricos
1011 4590 1173 4649 racionem
1208 4588 1315 4650 iacere
1347 4591 1527 4670 contigerit,
1564 4593 1726 4652 racionem
1751 4590 1862 4652 audire
1886 4601 1973 4652 tene-

421 4693 539 4756 buntur
571 4704 602 4754 et
627 4695 770 4754 omnium
802 4713 962 4754 consensu
995 4695 1182 4762 accedente.
1216 4693 1366 4758 videlicet
1391 4696 1521 4777 plebani
1554 4705 1585 4758 et
1609 4695 1787 4770 consulum,
1821 4699 1973 4776 pecunias

424 4801 658 4861 ecclesiasticas
683 4820 744 4880 pro
768 4801 979 4879 reparacione
1004 4814 1057 4861 aut
1083 4804 1274 4864 necessariis
1298 4803 1435 4864 ecclesie
1459 4814 1649 4865 convertere
1674 4803 1849 4872 debebunt.
1874 4803 1973 4883 presa·

421 4916 537 4986 tusque
563 4905 719 4985 plebanus
751 4907 991 4968 abrenunciavit
1023 4908 1211 4988 probacioni
1244 4929 1340 4990 super
1365 4912 1600 4972 consuetudine
1625 4914 1765 4992 antiqua,
1790 4912 1894 4992 ipsam
1918 4931 1975 4990 ap·

422 5013 598 5091 probans..

634 5204 674 5267 Α.
706 5207 795 5284 1485,
820 5207 955 5268 ianuarii
985 5225 1031 5284 14,
1057 5209 1087 5268 in
1112 5209 1305 5272 consistorio
1330 5208 1536 5271 Poltoviensi.

532 5325 618 5394 140.
654 5329 750 5413 (Acta
774 5329 860 5394 offic.
884 5331 935 5408 V).
972 5333 1006 5392 ln
1031 5353 1126 5394 causa
1151 5333 1267 5396 nobilis
1291 5333 1414 5395 Mathie
1439 5333 1635 5414 Carwarsky
1663 5353 1735 5396 cum
1760 5333 1902 5397 discreto
1926 5334 1973 5396 Io·

421 5437 528 5498 banne
552 5437 593 5500 de
619 5438 801 5512 ledwabne,
827 5438 910 5500 dnus
935 5439 1075 5502 Mathias
1101 5445 1272 5522 proposuit
1297 5453 1412 5520 petens
1437 5443 1565 5514 bovem,
1597 5461 1692 5524 quem
1718 5444 1788 5522 ipse
1813 5443 1974 5521 presbiter

422 5545 545 5626 recepit
569 5547 629 5607 sibi
652 5547 764 5607 datum
790 5559 867 5626 post
893 5559 1031 5609 mortem
1058 5547 1208 5610 Iohannis
1232 5549 1305 5612 Rek
1330 5551 1378 5610 sui
1403 5549 1591 5612 kmethonis
1615 5571 1674 5630 pro
1692 5549 1899 5612 elaborandis
1922 5553 1973 5611 tri·

421 5653 581 5714 cesimis..
606 5654 665 5715 sibi
684 5655 809 5716 restitui
827 5675 886 5735 pro
904 5656 1069 5718 locacione
1088 5656 1184 5716 medii
1202 5658 1303 5718 mansi
1322 5657 1412 5718 iuxta
1430 5657 1596 5718 laudum
1621 5669 1736 5722 terre
1756 5677 1817 5738 pro
1834 5656 1973 5718 locando
