4392 6672
676 676 678 680 ·
806 656 984 707 ANNORUM
1005 653 1187 712 istu-1472.

222 747 457 754 —-.---——----—
476 748 510 754 .-
534 749 551 752 —
580 749 602 753 -
626 748 734 753 .-..—.—

1736 673 1774 756 ss

219 868 347 930 interim
371 887 428 934 sua
452 866 530 932 Ptas
554 868 662 930 dictos
686 869 769 932 dnos
791 868 891 930 duces
915 869 957 930 ad
973 869 1064 949 pacis
1088 869 1245 932 unitatem
1270 881 1303 930 et
1319 879 1463 932 mutuam
1487 872 1667 942 caritatem,
1691 890 1776 934 rese·

220 973 300 1037 catis
334 973 518 1042 huiusmodi
551 972 703 1036 hincinde
738 973 1006 1050 altricacionibus,
1042 977 1069 1037 si
1100 977 1233 1059 poterit,
1265 976 1397 1040 inducat
1428 985 1461 1038 et
1485 977 1586 1058 litigia
1617 987 1774 1057 amputet.

221 1078 317 1161 Quod
350 1081 375 1142 si
400 1079 508 1146 facere
541 1101 604 1142 non
630 1084 762 1161 poterit,
795 1092 916 1144 extunc
949 1082 1095 1163 partibus
1126 1081 1279 1162 predictis
1310 1083 1422 1154 adea,
1458 1101 1521 1163 que
1546 1085 1622 1148 iuris
1646 1082 1775 1159 suerint,

222 1187 367 1250 iacienda
393 1187 504 1252 leriam
528 1188 622 1250 Νιιω
647 1199 724 1268 post
748 1187 866 1250 festum
891 1208 915 1250 s.
933 1189 1063 1250 Martini
1089 1189 1269 1268 predictam
1293 1190 1326 1252 in
1349 1188 1538 1252 Poltowsko
1562 1191 1775 1270 comparendi

220 1314 328 1358 coram
354 1315 412 1356 sua
429 1294 487 1360 Pte
503 1297 677 1362 terminum
702 1297 900 1376 prorogavit.
925 1295 1133 1360 Presentibus
1157 1295 1275 1358 ibidem
1300 1295 1461 1360 nobilibus
1478 1297 1599 1358 Iacobo
1615 1298 1656 1360 de
1674 1295 1775 1383 Otho·

219 1422 298 1464 cana
321 1403 480 1482 magistro
503 1405 645 1482 coquine
677 1411 711 1464 et
735 1399 873 1464 Nicolao
905 1404 947 1464 de
972 1401 1155 1483 Carnyewo
1186 1403 1263 1465 dicti
1290 1402 1351 1464 Rdi
1379 1404 1479 1483 patris
1511 1402 1718 1468 familiaribus
1743 1414 1774 1466 et
1845 1403 1851 1415 “

219 1529 271 1570 me
294 1508 454 1577 Michaele
478 1511 519 1572 de
542 1508 749 1572 Praszmowo
772 1518 837 1572 etc.
862 1509 939 1571 iacti
963 1519 1024 1572 etc.
1047 1510 1163 1574 scriba.

1142 1617 1152 1646 Ι

432 1704 474 1768 Α.
504 1717 596 1789 1472,
620 1702 746 1784 Aprilis
776 1717 821 1782 17,
846 1703 878 1764 in
903 1701 1131 1784 Cyrwyensko
1154 1703 1185 1762 in
1211 1703 1299 1764 curia
1322 1651 1528 1784 episcopali.

326 1823 388 1890 96.
413 1826 512 1908 (Acta
535 1829 633 1914 episc.
658 1827 746 1908 llll..
777 1827 902 1890 Honor.
927 1811 1009 1888 dnus
1033 1825 1196 1888 Iohannes
1219 1825 1260 1886 de
1284 1824 1481 1906 Grodzyslro
1506 1828 1689 1892 canonicus
1704 1826 1776 1891 Plo-

218 1935 324 1996 censis
347 1933 469 1997 Rmo..
494 1935 559 1996 dno
582 1933 749 1996 Kazimiro
773 1932 813 1996 D.
836 1956 867 2016 g.
892 1934 998 1996 electo
1029 1931 1224 1995 confirmato
1248 1934 1386 1996 ecclesie
1410 1933 1577 1996 Plocensis
1607 1943 1641 1996 et
1664 1953 1775 1998 vener.

218 2041 284 2102 dno
308 2039 445 2104 Nicolao
477 2041 519 2104 de
543 2041 771 2123 Myrzynyecz,
807 2041 1013 2104 decretorum
1046 2039 1191 2114 doctore,
1227 2043 1385 2102 canonico
1417 2051 1451 2102 et
1474 2039 1600 2104 officiali
1631 2040 1775 2124 generali

220 2147 365 2210 Plocensi
389 2167 557 2214 assessore
573 2149 690 2210 iudicio
707 2168 767 2228 pro
784 2147 935 2210 tribunali
951 2147 1140 2209 sedentibus
1157 2147 1287 2209 nomine
1303 2148 1510 2228 instigatorio
1527 2158 1641 2209 contra
1656 2147 1770 2210 honor.

218 2265 250 2316 et
265 2255 452 2334 religiosum
477 2253 665 2334 Iohannem,
690 2255 894 2334 prepositum
918 2263 951 2316 et
967 2263 1114 2316 curatum
1131 2252 1268 2316 ecclesie
1285 2253 1479 2333 parochialis
1495 2257 1527 2315 in
1543 2253 1771 2336 Wischegrad‚

219 2361 398 2443 proposuit,
431 2362 598 2441 quomodo
629 2361 772 2428 indicta
796 2361 1009 2442 Wischegrad
1040 2362 1141 2440 ipsius
1173 2362 1332 2442 prepositi
1363 2361 1518 2442 parochia
1550 2361 1764 2424 enormitates

217 2465 369 2530 scandala
401 2478 434 2532 et
458 2467 560 2536 rnulta
582 2469 664 2532 vicia
695 2489 754 2549 per
779 2467 995 2548 parochianos
1026 2477 1163 2548 propter
1193 2469 1294 2548 ipsius
1324 2467 1592 2532 incurabilitatem
1624 2473 1769 2530 commit·

217 2587 337 2646 tuntur,
360 2595 421 2656 pro
446 2575 564 2660 quibus
587 2575 776 2638 excessibus
801 2595 909 2655 neque
931 2576 1091 2655 superiori
1114 2573 1237 2648 detulit,
1260 2595 1322 2638 nec
1337 2574 1440 2636 eciatn
1464 2575 1534 2655 ipse
1558 2573 1647 2638 solus
1670 2577 1770 2638 moni·
1809 2607 1812 2619 ·

217 2685 310 2744 cione
334 2683 383 2744 sui
407 2681 504 2752 officii
531 2682 704 2761 pastoralis
735 2684 890 2758 corr·exit;
923 2683 1038 2761 petivit
1062 2681 1168 2744 dictus
1191 2683 1364 2763 instigator
1395 2682 1533 2744 eundern
1566 2685 1769 2764 prepositum

214 2792 249 2864 ,in
266 2809 351 2870 pena
375 2791 512 2858 carceris
536 2787 635 2856 autC
659 2788 789 2852 florenis
812 2789 856 2851 ob
873 2789 936 2851 hoc
953 2789 1198 2870 condempnari,
1221 2792 1380 2870 adquam
1405 2790 1669 2870 proposicionem
1686 2791 1772 2852 idem

218 2898 406 2978 prepositus
430 2894 625 2977 excipiendo
649 2895 803 2976 allegavit
827 2917 865 2958 ea
889 2895 1050 2970 scandala,
1074 2897 1237 2958 existente
1261 2917 1321 2958 suo
1344 2897 1533 2960 immediato
1557 2907 1767 2962 antecessore

217 3001 286 3066 lore
309 3005 492 3068 commissa.
517 3003 599 3068 Item
624 3003 730 3066 dictus
754 2997 927 3084 instigator
950 3015 1063 3067 contra
1088 3002 1227 3066 eundem
1253 3005 1456 3084 prepositum
1481 3006 1662 3085 proposuit,
1687 3007 1775 3086 quod

216 3113 287 3190 ipse
310 3131 354 3172 ex
377 3109 600 3174 inobedieucia
633 3129 690 3172 sua
722 3111 941 3172 reverenciam
973 3113 1004 3172 in
1028 3112 1241 3190 suscepcione
1274 3111 1329 3176 dni
1354 3111 1458 3174 Electi
1490 3110 1670 3175 confirmati
1702 3132 1776 3174 cum

217 3219 427 3298 processione
451 3227 485 3280 et
501 3218 571 3280 aliis
588 3219 779 3294 cerimoniis,
804 3219 886 3280 sicut
910 3218 998 3299 apud
1021 3217 1247 3281 kathedralem
1272 3227 1306 3278 et
1322 3227 1450 3280 ceteras
1474 3219 1775 3282 ecclesias-exibue-

217 3335 298 3396 runt,
323 3345 389 3386 non
413 3324 546 3398 exibuit,
579 3323 725 3410 prelatus
756 3325 838 3388 dnus
861 3326 1068 3406 instigator..
1102 3325 1219 3405 petivit
1250 3322 1371 3386 dictum
1408 3327 1612 3405 prepositum
1644 3345 1774 3388 carcere

217 3432 366 3494 concludi
391 3442 447 3496 aut
478 3433 508 3493 in
535 3430 562 3494 C
585 3431 717 3496 florenis
741 3433 959 3494 condemnari.
999 3431 1042 3494 Et
1067 3433 1171 3494 dictus
1203 3433 1390 3512 prepositus
1422 3429 1577 3512 allegavit
1602 3431 1772 3512 ignorasse

217 3541 396 3622 ingressum
423 3537 498 3600 Rmi
522 3540 623 3619 ipsius
646 3539 701 3600 dni
725 3538 915 3602 confirmati.
952 3538 1120 3619 Insuper..
1153 3549 1267 3600 contra
1290 3539 1429 3601 eundem
1458 3540 1664 3620 prepositum
1687 3539 1775 3601 insti·

217 3657 313 3728 gator
337 3645 483 3726 prelatus
507 3648 689 3728 proposuit,
715 3647 803 3726 quod
828 3647 930 3708 eciam
955 3649 986 3708 in
1012 3666 1069 3708 sua
1094 3643 1248 3726 parochia
1271 3645 1378 3706 clerici
1402 3644 1542 3708 ordinati
1566 3646 1716 3710 leduntur
1740 3657 1774 3710 et

217 3753 348 3834 quidam
373 3751 507 3814 clericus
541 3753 582 3818 de
607 3751 695 3816 scola
719 3755 914 3834 percusserit
939 3752 1034 3815 alium
1059 3753 1225 3816 hominem
1251 3762 1386 3833 propter
1410 3752 1662 3815 dissolucionem
1687 3755 1775 3816 mini-

217 3871 356 3924 strorum
382 3881 439 3922 sue
463 3859 616 3936 ecclesie;
640 3861 756 3940 petivit
779 3860 865 3922 idem
890 3863 1065 3941 instigator
1088 3860 1226 3942 eundern
1252 3861 1457 3940 prepositum
1482 3861 1514 3920 in
1531 3858 1654 3922 eisdem
1680 3863 1775 3940 penis

218 3967 441 4041 condemnari;
475 3964 626 4048 allegavit
662 3969 848 4047 prepositus
884 3967 1128 4029 ordinacionem
1163 3967 1300 4028 ministri
1335 3964 1472 4028 ecclesie
1506 3966 1574 4028 sore
1606 3965 1774 4030 consulum

218 4073 356 4136 civitatis
380 4083 414 4136 et
437 4073 498 4134 sub
522 4074 589 4136 eius
614 4083 781 4154 potestate
805 4093 870 4136 non
887 4094 969 4136 esse.
993 4075 1037 4136 Et
1060 4075 1211 4136 dominus
1228 4071 1447 4136 Confirmatus
1471 4093 1544 4134 cum
1569 4093 1628 4135 suo
1645 4073 1775 4154 prelato

218 4199 384 4242 assessore
417 4189 553 4260 propter
577 4183 732 4242 maiorem
758 4181 1024 4243 informacionem
1057 4180 1098 4242 de
1124 4181 1289 4260 premissis
1320 4180 1511 4242 deliberavit
1543 4191 1577 4242 et
1601 4183 1774 4243 terminum

218 4284 275 4348 11⁶²
298 4287 350 4349 die
374 4297 451 4368 post
475 4307 568 4352 suurn
593 4307 687 4367 prox.
711 4288 743 4348 in
768 4286 973 4370 Cyrwyenslr
997 4289 1178 4370 ingressum
1204 4287 1333 4366 prefixit
1357 4287 1463 4348 eidem
1489 4289 1667 4367 preposito,
1692 4298 1725 4350 et
1748 4290 1775 4350 si

219 4394 356 4456 honeste
381 4395 468 4456 vivet
492 4406 525 4456 et
549 4415 628 4456 oves
652 4395 712 4456 sibi
737 4398 930 4458 commissas
955 4395 1038 4457 bene
1062 4395 1227 4468 direxerit,
1250 4405 1361 4476 grates
1381 4393 1556 4472 obtinebit;
1580 4393 1660 4456 alias
1683 4397 1710 4456 si
1735 4395 1775 4458 de

219 4501 384 4582 premissis
416 4499 523 4563 taliter
546 4501 727 4562 commissis
759 4501 842 4563 dnus
867 4500 1086 4564 Confirmatus
1118 4500 1214 4562 suerit
1237 4501 1438 4576 informatus
1470 4503 1502 4562 in
1528 4501 1622 4581 penis
1651 4501 1774 4564 eisdem

218 4607 512 4687 condempnabitur
535 4609 577 4669 ad
601 4607 830 4670 solvendum..
1732 4617 1734 4621 “

325 4710 389 4778 97.
413 4713 590 4796 (ibidem)..
616 4712 794 4776 Constituti
817 4714 1035 4796 personaliter
1060 4716 1177 4778 nobilis
1201 4724 1235 4776 et
1250 4713 1390 4778 honesta
1407 4713 1567 4778 Albertus
1590 4714 1631 4777 de
1648 4715 1775 4784 Zaratu-

218 4823 294 4883 bino
326 4832 360 4884 et
383 4821 489 4896 Anna,
525 4823 732 4884 advocatissa
762 4823 803 4883 de
829 4820 980 4896 Plonsko,
1017 4843 1077 4904 per
1101 4821 1242 4884 medium
1275 4823 1469 4885 arbitrorum
1504 4832 1538 4883 et
1560 4823 1773 4886 amicabilium

217 4929 483 5008 compositorum,
515 4926 665 4992 videlicet
688 4929 887 4991 honorabilis
919 4941 951 4990 et
976 4929 1130 4991 nobilium
1155 4927 1324 5008 Stephani,
1359 4929 1489 5009 plebani
1520 4929 1550 4988 in
1575 4927 1774 5011 Capynosch

217 5047 251 5099 et
275 5035 382 5097 Iacobi
406 5035 532 5100 Zaraba
556 5037 598 5098 de
614 5035 830 5116 Zarambyno,
856 5035 1009 5097 Iohannis
1034 5036 1075 5098 de
1099 5034 1331 5116 Szeczemyno,
1355 5035 1396 5096 de
1414 5039 1447 5097 et
1464 5057 1563 5115 super
1587 5036 1650 5111 lite,
1676 5057 1775 5098 causa

218 5155 251 5206 et
274 5142 519 5222 litispendencia
544 5145 738 5205 matrimonii
762 5144 844 5204 inter
869 5143 1014 5224 prefatos
1039 5143 1212 5205 Albertum
1238 5145 1397 5216 maritum,
1422 5143 1464 5204 ab
1489 5147 1560 5217 una,
1584 5153 1617 5204 et
1642 5144 1773 5206 Annam

219 5270 354 5313 uxorem
379 5269 469 5314 suam
496 5248 682 5330 legitimam,
705 5263 799 5329 parte
819 5251 860 5311 ab
877 5250 986 5323 altera,
1011 5260 1087 5330 post
1111 5251 1262 5331 copulam
1279 5251 1446 5312 intentatis
1465 5249 1570 5328 palam
1596 5261 1628 5312 et
1646 5251 1774 5331 publice

218 5367 420 5420 contractum
445 5358 619 5418 concordie
645 5371 917 5437 recognoverunt:
942 5370 1078 5438 propter
1094 5369 1297 5420 senectutem
1322 5367 1355 5418 et
1378 5357 1608 5435 impotenciam
1633 5360 1691 5420 viri
1715 5359 1775 5420 sibi

219 5466 356 5527 invicem
382 5473 618 5526 consenserunt
642 5462 845 5544 singulariter
876 5473 910 5525 et
942 5465 1077 5543 quilibet
1101 5466 1141 5524 de
1165 5485 1224 5544 per
1247 5485 1282 5526 se
1306 5466 1338 5525 in
1363 5483 1475 5524 eorum
1503 5464 1595 5525 bonis
1627 5465 1774 5545 propriis,

218 5572 370 5634 videlicet
393 5569 552 5633 Albertus
577 5573 708 5633 maritus
732 5573 764 5632 in
789 5571 988 5632 hereditariis
1003 5573 1034 5632 in
1052 5572 1246 5632 Zarambino
1268 5581 1302 5633 et
1319 5572 1493 5633 advocacia
1516 5573 1548 5631 in
1565 5571 1773 5653 Bogoschino

219 5690 252 5741 et
275 5678 375 5740 Anna
400 5699 483 5740 uxor
508 5679 621 5739 suain
645 5679 821 5740 advocacia
845 5679 957 5740 suain
981 5677 1125 5740 Plonsko
1157 5679 1255 5740 libere
1280 5679 1349 5740 sine
1372 5677 1514 5739 ulteriori
1538 5679 1773 5757 impedimento
