<?xml version="1.0" encoding="UTF-8"?>
<!DOCTYPE html PUBLIC "-//W3C//DTD XHTML 1.0 Transitional//EN"
    "http://www.w3.org/TR/xhtml1/DTD/xhtml1-transitional.dtd">
<html xmlns="http://www.w3.org/1999/xhtml" xml:lang="en" lang="en">
 <head>
  <title>
</title>
<meta http-equiv="Content-Type" content="text/html;charset=utf-8" />
  <meta name='ocr-system' content='tesseract 3.04.00' />
  <meta name='ocr-capabilities' content='ocr_page ocr_carea ocr_par ocr_line ocrx_word'/>
</head>
<body>
  <div class='ocr_page' id='page_1' title='image "actacapitulorum01czubgoog_0043.png"; bbox 0 0 4392 6672; ppageno 0'>
   <div class='ocr_carea' id='block_1_1' title="bbox 821 703 1784 781">
    <p class='ocr_par' dir='ltr' id='par_1_1' title="bbox 821 703 1784 781">
     <span class='ocr_line' id='line_1_1' title="bbox 821 703 1784 781; baseline 0.01 -27"><span class='ocrx_word' id='word_1_1' title='bbox 821 705 998 755; x_wconf 78' lang='lat' dir='ltr'>aunoxuu</span> <span class='ocrx_word' id='word_1_2' title='bbox 1018 703 1202 756; x_wconf 77' lang='lat'>1466-1467.</span> <span class='ocrx_word' id='word_1_3' title='bbox 1742 720 1784 781; x_wconf 89' lang='lat'>29</span> 
     </span>
    </p>
   </div>
   <div class='ocr_carea' id='block_1_2' title="bbox 232 797 1476 808">
    <p class='ocr_par' dir='ltr' id='par_1_2' title="bbox 232 797 1476 808">
     <span class='ocr_line' id='line_1_2' title="bbox 232 797 1476 808; baseline -0.002 -1"><span class='ocrx_word' id='word_1_4' title='bbox 232 798 892 808; x_wconf 49' lang='lat' dir='ltr'>--..—-.—...—-›s.—-—-—-..—-.</span> <span class='ocrx_word' id='word_1_5' title='bbox 1338 797 1476 804; x_wconf 53' lang='lat' dir='ltr'>——q</span> 
     </span>
    </p>
   </div>
   <div class='ocr_carea' id='block_1_3' title="bbox 231 919 1784 1620">
    <p class='ocr_par' dir='ltr' id='par_1_3' title="bbox 231 919 1784 1620">
     <span class='ocr_line' id='line_1_3' title="bbox 233 919 1782 999; baseline -0.001 -21"><span class='ocrx_word' id='word_1_6' title='bbox 233 920 314 980; x_wconf 88' lang='lat' dir='ltr'>latus</span> <span class='ocrx_word' id='word_1_7' title='bbox 339 931 397 990; x_wconf 89' lang='lat' dir='ltr'>est,</span> <span class='ocrx_word' id='word_1_8' title='bbox 424 919 503 999; x_wconf 85' lang='lat' dir='ltr'>sugit</span> <span class='ocrx_word' id='word_1_9' title='bbox 530 930 562 980; x_wconf 92' lang='lat' dir='ltr'>et</span> <span class='ocrx_word' id='word_1_10' title='bbox 579 919 673 980; x_wconf 90' lang='lat' dir='ltr'>aliam</span> <span class='ocrx_word' id='word_1_11' title='bbox 698 930 847 980; x_wconf 88' lang='lat' dir='ltr'>currente</span> <span class='ocrx_word' id='word_1_12' title='bbox 872 931 1021 997; x_wconf 87' lang='lat' dir='ltr'>tempore</span> <span class='ocrx_word' id='word_1_13' title='bbox 1045 919 1104 978; x_wconf 91' lang='lat' dir='ltr'>sibi</span> <span class='ocrx_word' id='word_1_14' title='bbox 1129 919 1221 979; x_wconf 92' lang='lat' dir='ltr'>duxit</span> <span class='ocrx_word' id='word_1_15' title='bbox 1245 919 1275 977; x_wconf 91' lang='lat' dir='ltr'>in</span> <span class='ocrx_word' id='word_1_16' title='bbox 1302 938 1445 989; x_wconf 88' lang='lat' dir='ltr'>uxorem,</span> <span class='ocrx_word' id='word_1_17' title='bbox 1470 937 1541 978; x_wconf 90' lang='lat' dir='ltr'>cum</span> <span class='ocrx_word' id='word_1_18' title='bbox 1568 938 1631 998; x_wconf 92' lang='lat' dir='ltr'>qua</span> <span class='ocrx_word' id='word_1_19' title='bbox 1655 930 1688 979; x_wconf 90' lang='lat' dir='ltr'>et</span> <span class='ocrx_word' id='word_1_20' title='bbox 1714 939 1782 997; x_wconf 90' lang='lat' dir='ltr'>pro·</span> 
     </span>
     <span class='ocr_line' id='line_1_4' title="bbox 232 1025 1784 1106; baseline 0.001 -22"><span class='ocrx_word' id='word_1_21' title='bbox 232 1025 367 1098; x_wconf 87' lang='lat' dir='ltr'>lificavit,</span> <span class='ocrx_word' id='word_1_22' title='bbox 393 1047 490 1104; x_wconf 91' lang='lat' dir='ltr'>super</span> <span class='ocrx_word' id='word_1_23' title='bbox 515 1027 632 1106; x_wconf 90' lang='lat' dir='ltr'>quibus</span> <span class='ocrx_word' id='word_1_24' title='bbox 656 1025 806 1087; x_wconf 89' lang='lat' dir='ltr'>omnibus</span> <span class='ocrx_word' id='word_1_25' title='bbox 832 1029 954 1104; x_wconf 87' lang='lat' dir='ltr'>recepit</span> <span class='ocrx_word' id='word_1_26' title='bbox 979 1026 1129 1086; x_wconf 90' lang='lat' dir='ltr'>dominus</span> <span class='ocrx_word' id='word_1_27' title='bbox 1154 1025 1194 1086; x_wconf 90' lang='lat' dir='ltr'>ab</span> <span class='ocrx_word' id='word_1_28' title='bbox 1220 1027 1297 1104; x_wconf 87' lang='lat' dir='ltr'>ipsis</span> <span class='ocrx_word' id='word_1_29' title='bbox 1322 1026 1542 1097; x_wconf 87' lang='lat' dir='ltr'>iuramentum,</span> <span class='ocrx_word' id='word_1_30' title='bbox 1568 1027 1655 1104; x_wconf 91' lang='lat' dir='ltr'>quod</span> <span class='ocrx_word' id='word_1_31' title='bbox 1672 1028 1717 1088; x_wconf 86' lang='lat' dir='ltr'>ita</span> <span class='ocrx_word' id='word_1_32' title='bbox 1734 1035 1784 1086; x_wconf 89' lang='lat' dir='ltr'>cst</span> 
     </span>
     <span class='ocr_line' id='line_1_5' title="bbox 232 1130 1783 1212; baseline 0 -20"><span class='ocrx_word' id='word_1_33' title='bbox 232 1153 351 1206; x_wconf 86' lang='lat' dir='ltr'>verum,</span> <span class='ocrx_word' id='word_1_34' title='bbox 376 1135 457 1194; x_wconf 92' lang='lat' dir='ltr'>sicut</span> <span class='ocrx_word' id='word_1_35' title='bbox 482 1142 715 1212; x_wconf 83' lang='lat' dir='ltr'>exposuerunt,</span> <span class='ocrx_word' id='word_1_36' title='bbox 745 1143 777 1193; x_wconf 89' lang='lat' dir='ltr'>et</span> <span class='ocrx_word' id='word_1_37' title='bbox 802 1152 899 1212; x_wconf 91' lang='lat' dir='ltr'>super</span> <span class='ocrx_word' id='word_1_38' title='bbox 924 1133 983 1192; x_wconf 92' lang='lat' dir='ltr'>hac</span> <span class='ocrx_word' id='word_1_39' title='bbox 1000 1135 1138 1193; x_wconf 88' lang='lat' dir='ltr'>veritate</span> <span class='ocrx_word' id='word_1_40' title='bbox 1161 1132 1287 1192; x_wconf 88' lang='lat' dir='ltr'>induxit</span> <span class='ocrx_word' id='word_1_41' title='bbox 1313 1141 1430 1192; x_wconf 90' lang='lat' dir='ltr'>testem</span> <span class='ocrx_word' id='word_1_42' title='bbox 1456 1130 1625 1192; x_wconf 88' lang='lat' dir='ltr'>Derslaum</span> <span class='ocrx_word' id='word_1_43' title='bbox 1651 1133 1691 1192; x_wconf 88' lang='lat' dir='ltr'>de</span> <span class='ocrx_word' id='word_1_44' title='bbox 1717 1132 1783 1192; x_wconf 87' lang='lat' dir='ltr'>Pol·</span> 
     </span>
     <span class='ocr_line' id='line_1_6' title="bbox 232 1237 1783 1318; baseline 0 -20"><span class='ocrx_word' id='word_1_45' title='bbox 232 1240 347 1316; x_wconf 82' lang='lat' dir='ltr'>towslr‚</span> <span class='ocrx_word' id='word_1_46' title='bbox 374 1241 425 1318; x_wconf 88' lang='lat' dir='ltr'>qui</span> <span class='ocrx_word' id='word_1_47' title='bbox 443 1241 579 1300; x_wconf 87' lang='lat' dir='ltr'>iurando</span> <span class='ocrx_word' id='word_1_48' title='bbox 603 1239 686 1300; x_wconf 82' lang='lat' dir='ltr'>dixit</span> <span class='ocrx_word' id='word_1_49' title='bbox 711 1240 772 1298; x_wconf 90' lang='lat' dir='ltr'>hoc</span> <span class='ocrx_word' id='word_1_50' title='bbox 797 1249 901 1300; x_wconf 91' lang='lat' dir='ltr'>totum</span> <span class='ocrx_word' id='word_1_51' title='bbox 927 1259 1001 1300; x_wconf 89' lang='lat' dir='ltr'>esse</span> <span class='ocrx_word' id='word_1_52' title='bbox 1027 1259 1145 1306; x_wconf 87' lang='lat' dir='ltr'>verum,</span> <span class='ocrx_word' id='word_1_53' title='bbox 1172 1239 1243 1316; x_wconf 83' lang='lat' dir='ltr'>quia</span> <span class='ocrx_word' id='word_1_54' title='bbox 1270 1237 1327 1298; x_wconf 83' lang='lat' dir='ltr'>luit</span> <span class='ocrx_word' id='word_1_55' title='bbox 1353 1257 1486 1318; x_wconf 84' lang='lat' dir='ltr'><strong>presens</strong></span> <span class='ocrx_word' id='word_1_56' title='bbox 1511 1249 1543 1298; x_wconf 89' lang='lat' dir='ltr'>et</span> <span class='ocrx_word' id='word_1_57' title='bbox 1563 1240 1609 1298; x_wconf 92' lang='lat' dir='ltr'>sic</span> <span class='ocrx_word' id='word_1_58' title='bbox 1626 1237 1706 1298; x_wconf 87' lang='lat' dir='ltr'>vidit</span> <span class='ocrx_word' id='word_1_59' title='bbox 1723 1239 1783 1300; x_wconf 90' lang='lat' dir='ltr'>hec</span> 
     </span>
     <span class='ocr_line' id='line_1_7' title="bbox 232 1345 1783 1425; baseline 0 -21"><span class='ocrx_word' id='word_1_60' title='bbox 232 1345 305 1406; x_wconf 84' lang='lat' dir='ltr'>lieri.</span> <span class='ocrx_word' id='word_1_61' title='bbox 331 1347 372 1406; x_wconf 89' lang='lat' dir='ltr'>Et</span> <span class='ocrx_word' id='word_1_62' title='bbox 398 1345 548 1406; x_wconf 91' lang='lat' dir='ltr'>dominus</span> <span class='ocrx_word' id='word_1_63' title='bbox 573 1345 770 1425; x_wconf 84' lang='lat' dir='ltr'>approbavit</span> <span class='ocrx_word' id='word_1_64' title='bbox 795 1347 972 1406; x_wconf 90' lang='lat' dir='ltr'>secundum</span> <span class='ocrx_word' id='word_1_65' title='bbox 999 1345 1238 1406; x_wconf 82' lang='lat' dir='ltr'>matrimonium</span> <span class='ocrx_word' id='word_1_66' title='bbox 1264 1365 1335 1405; x_wconf 90' lang='lat' dir='ltr'>esse</span> <span class='ocrx_word' id='word_1_67' title='bbox 1360 1365 1469 1405; x_wconf 90' lang='lat' dir='ltr'>verum</span> <span class='ocrx_word' id='word_1_68' title='bbox 1497 1356 1529 1404; x_wconf 90' lang='lat' dir='ltr'>et</span> <span class='ocrx_word' id='word_1_69' title='bbox 1546 1357 1649 1405; x_wconf 88' lang='lat' dir='ltr'>ratum</span> <span class='ocrx_word' id='word_1_70' title='bbox 1674 1354 1707 1406; x_wconf 90' lang='lat' dir='ltr'>et</span> <span class='ocrx_word' id='word_1_71' title='bbox 1725 1346 1783 1423; x_wconf 86' lang='lat' dir='ltr'>pri-</span> 
     </span>
     <span class='ocr_line' id='line_1_8' title="bbox 231 1452 1781 1531; baseline -0.001 -19"><span class='ocrx_word' id='word_1_72' title='bbox 231 1473 316 1512; x_wconf 92' lang='lat' dir='ltr'>mum</span> <span class='ocrx_word' id='word_1_73' title='bbox 343 1463 498 1531; x_wconf 85' lang='lat' dir='ltr'>tanquam</span> <span class='ocrx_word' id='word_1_74' title='bbox 524 1464 612 1512; x_wconf 90' lang='lat' dir='ltr'>metu</span> <span class='ocrx_word' id='word_1_75' title='bbox 638 1461 803 1514; x_wconf 88' lang='lat' dir='ltr'>extortum</span> <span class='ocrx_word' id='word_1_76' title='bbox 830 1453 950 1512; x_wconf 91' lang='lat' dir='ltr'>nullum</span> <span class='ocrx_word' id='word_1_77' title='bbox 983 1464 1015 1512; x_wconf 91' lang='lat' dir='ltr'>et</span> <span class='ocrx_word' id='word_1_78' title='bbox 1040 1453 1081 1512; x_wconf 93' lang='lat' dir='ltr'>ibi</span> <span class='ocrx_word' id='word_1_79' title='bbox 1108 1453 1197 1512; x_wconf 87' lang='lat' dir='ltr'>dedit</span> <span class='ocrx_word' id='word_1_80' title='bbox 1223 1453 1386 1511; x_wconf 82' lang='lat' dir='ltr'>licenciam</span> <span class='ocrx_word' id='word_1_81' title='bbox 1412 1452 1533 1512; x_wconf 91' lang='lat' dir='ltr'>mulieri</span> <span class='ocrx_word' id='word_1_82' title='bbox 1557 1452 1653 1512; x_wconf 89' lang='lat' dir='ltr'>alium</span> <span class='ocrx_word' id='word_1_83' title='bbox 1678 1453 1781 1511; x_wconf 92' lang='lat' dir='ltr'>virum</span> 
     </span>
     <span class='ocr_line' id='line_1_9' title="bbox 231 1559 403 1620; baseline 0 0"><span class='ocrx_word' id='word_1_84' title='bbox 231 1559 403 1620; x_wconf 88' lang='lat' dir='ltr'>ducendi..</span> 
     </span>
    </p>
   </div>
   <div class='ocr_carea' id='block_1_4' title="bbox 444 1750 1524 1830">
    <p class='ocr_par' dir='ltr' id='par_1_4' title="bbox 444 1750 1524 1830">
     <span class='ocr_line' id='line_1_10' title="bbox 444 1750 1524 1830; baseline -0.004 -16"><span class='ocrx_word' id='word_1_85' title='bbox 444 1759 484 1814; x_wconf 85' lang='lat' dir='ltr'>A.</span> <span class='ocrx_word' id='word_1_86' title='bbox 515 1752 606 1827; x_wconf 86' lang='lat'>1466,</span> <span class='ocrx_word' id='word_1_87' title='bbox 632 1752 826 1813; x_wconf 84' lang='lat' dir='ltr'>Decembris</span> <span class='ocrx_word' id='word_1_88' title='bbox 855 1771 900 1830; x_wconf 86' lang='lat'>19,</span> <span class='ocrx_word' id='word_1_89' title='bbox 926 1754 955 1810; x_wconf 91' lang='lat' dir='ltr'>in</span> <span class='ocrx_word' id='word_1_90' title='bbox 982 1751 1147 1813; x_wconf 81' lang='lat' dir='ltr'>Poltowslr</span> <span class='ocrx_word' id='word_1_91' title='bbox 1172 1753 1201 1811; x_wconf 91' lang='lat' dir='ltr'>in</span> <span class='ocrx_word' id='word_1_92' title='bbox 1227 1753 1315 1812; x_wconf 87' lang='lat' dir='ltr'>curia</span> <span class='ocrx_word' id='word_1_93' title='bbox 1338 1750 1524 1830; x_wconf 88' lang='lat' dir='ltr'>episcopali.</span> 
     </span>
    </p>
   </div>
   <div class='ocr_carea' id='block_1_5' title="bbox 230 1871 1783 2704">
    <p class='ocr_par' dir='ltr' id='par_1_5' title="bbox 230 1871 1783 2704">
     <span class='ocr_line' id='line_1_11' title="bbox 338 1871 1782 1957; baseline -0.004 -17"><span class='ocrx_word' id='word_1_94' title='bbox 338 1873 400 1940; x_wconf 83' lang='lat'>79.</span> <span class='ocrx_word' id='word_1_95' title='bbox 425 1876 524 1957; x_wconf 80' lang='lat' dir='ltr'>(Acta</span> <span class='ocrx_word' id='word_1_96' title='bbox 542 1878 640 1956; x_wconf 86' lang='lat' dir='ltr'>episc.</span> <span class='ocrx_word' id='word_1_97' title='bbox 658 1876 680 1950; x_wconf 88' lang='lat' dir='ltr'>l)</span> <span class='ocrx_word' id='word_1_98' title='bbox 692 1927 714 1937; x_wconf 93' lang='lat'>..</span> <span class='ocrx_word' id='word_1_99' title='bbox 739 1877 892 1938; x_wconf 84' lang='lat' dir='ltr'>Coram..</span> <span class='ocrx_word' id='word_1_100' title='bbox 917 1878 982 1937; x_wconf 90' lang='lat' dir='ltr'>duo</span> <span class='ocrx_word' id='word_1_101' title='bbox 999 1875 1151 1950; x_wconf 88' lang='lat' dir='ltr'>Stibori0,</span> <span class='ocrx_word' id='word_1_102' title='bbox 1177 1879 1333 1954; x_wconf 84' lang='lat' dir='ltr'>episcopo</span> <span class='ocrx_word' id='word_1_103' title='bbox 1359 1875 1512 1942; x_wconf 86' lang='lat' dir='ltr'>Ploccnsi.</span> <span class='ocrx_word' id='word_1_104' title='bbox 1537 1877 1697 1936; x_wconf 90' lang='lat' dir='ltr'>discretus</span> <span class='ocrx_word' id='word_1_105' title='bbox 1713 1871 1782 1935; x_wconf 86' lang='lat' dir='ltr'>Sta·</span> 
     </span>
     <span class='ocr_line' id='line_1_12' title="bbox 231 1981 1783 2063; baseline -0.002 -19"><span class='ocrx_word' id='word_1_106' title='bbox 231 1983 358 2054; x_wconf 88' lang='lat' dir='ltr'>nislaus,</span> <span class='ocrx_word' id='word_1_107' title='bbox 384 1985 521 2044; x_wconf 89' lang='lat' dir='ltr'>vicarius</span> <span class='ocrx_word' id='word_1_108' title='bbox 547 1985 576 2043; x_wconf 92' lang='lat' dir='ltr'>in</span> <span class='ocrx_word' id='word_1_109' title='bbox 595 1982 709 2050; x_wconf 80' lang='lat' dir='ltr'>Colno.</span> <span class='ocrx_word' id='word_1_110' title='bbox 734 2005 778 2044; x_wconf 90' lang='lat' dir='ltr'>ex</span> <span class='ocrx_word' id='word_1_111' title='bbox 795 1985 904 2045; x_wconf 81' lang='lat' dir='ltr'>officio</span> <span class='ocrx_word' id='word_1_112' title='bbox 921 1985 1072 2046; x_wconf 90' lang='lat' dir='ltr'>citatus..</span> <span class='ocrx_word' id='word_1_113' title='bbox 1099 1981 1310 2063; x_wconf 76' lang='lat' dir='ltr'>personaliter</span> <span class='ocrx_word' id='word_1_114' title='bbox 1328 1985 1497 2062; x_wconf 85' lang='lat' dir='ltr'>conparuit</span> <span class='ocrx_word' id='word_1_115' title='bbox 1517 1996 1549 2043; x_wconf 90' lang='lat' dir='ltr'>et</span> <span class='ocrx_word' id='word_1_116' title='bbox 1566 1985 1596 2042; x_wconf 89' lang='lat' dir='ltr'>in</span> <span class='ocrx_word' id='word_1_117' title='bbox 1616 1983 1783 2061; x_wconf 87' lang='lat' dir='ltr'>presencia</span> 
     </span>
     <span class='ocr_line' id='line_1_13' title="bbox 230 2088 1783 2170; baseline -0.003 -19"><span class='ocrx_word' id='word_1_118' title='bbox 230 2092 298 2151; x_wconf 89' lang='lat' dir='ltr'>eius</span> <span class='ocrx_word' id='word_1_119' title='bbox 314 2092 585 2152; x_wconf 82' lang='lat' dir='ltr'>attestacionibus</span> <span class='ocrx_word' id='word_1_120' title='bbox 609 2091 650 2150; x_wconf 92' lang='lat' dir='ltr'>de</span> <span class='ocrx_word' id='word_1_121' title='bbox 667 2094 731 2151; x_wconf 90' lang='lat' dir='ltr'>vita</span> <span class='ocrx_word' id='word_1_122' title='bbox 749 2093 816 2152; x_wconf 88' lang='lat' dir='ltr'>eius</span> <span class='ocrx_word' id='word_1_123' title='bbox 834 2112 893 2170; x_wconf 92' lang='lat' dir='ltr'>per</span> <span class='ocrx_word' id='word_1_124' title='bbox 916 2094 1178 2153; x_wconf 88' lang='lat' dir='ltr'>visitatores</span> <span class='ocrx_word' id='word_1_125' title='bbox 1203 2093 1377 2170; x_wconf 89' lang='lat' dir='ltr'>deputatos</span> <span class='ocrx_word' id='word_1_126' title='bbox 1394 2089 1567 2168; x_wconf 78' lang='lat' dir='ltr'>receptis.</span> <span class='ocrx_word' id='word_1_127' title='bbox 1590 2089 1662 2166; x_wconf 89' lang='lat' dir='ltr'>ipse</span> <span class='ocrx_word' id='word_1_128' title='bbox 1679 2088 1783 2148; x_wconf 90' lang='lat' dir='ltr'>Rmus</span> 
     </span>
     <span class='ocr_line' id='line_1_14' title="bbox 232 2195 1783 2276; baseline -0.001 -20"><span class='ocrx_word' id='word_1_129' title='bbox 232 2208 323 2274; x_wconf 88' lang='lat' dir='ltr'>pater</span> <span class='ocrx_word' id='word_1_130' title='bbox 355 2217 396 2256; x_wconf 92' lang='lat' dir='ltr'>ex</span> <span class='ocrx_word' id='word_1_131' title='bbox 422 2197 556 2258; x_wconf 91' lang='lat' dir='ltr'>consilio</span> <span class='ocrx_word' id='word_1_132' title='bbox 589 2195 722 2259; x_wconf 79' lang='lat' dir='ltr'>fratrum</span> <span class='ocrx_word' id='word_1_133' title='bbox 747 2199 853 2274; x_wconf 92' lang='lat' dir='ltr'>ipsum</span> <span class='ocrx_word' id='word_1_134' title='bbox 880 2199 1094 2276; x_wconf 87' lang='lat' dir='ltr'>presbiterum</span> <span class='ocrx_word' id='word_1_135' title='bbox 1127 2217 1187 2276; x_wconf 94' lang='lat' dir='ltr'>pro</span> <span class='ocrx_word' id='word_1_136' title='bbox 1212 2218 1259 2270; x_wconf 90' lang='lat' dir='ltr'>eo,</span> <span class='ocrx_word' id='word_1_137' title='bbox 1293 2198 1380 2276; x_wconf 90' lang='lat' dir='ltr'>quod</span> <span class='ocrx_word' id='word_1_138' title='bbox 1406 2195 1618 2255; x_wconf 89' lang='lat' dir='ltr'>concubinam</span> <span class='ocrx_word' id='word_1_139' title='bbox 1642 2195 1783 2256; x_wconf 89' lang='lat' dir='ltr'>servavit</span> 
     </span>
     <span class='ocr_line' id='line_1_15' title="bbox 230 2301 1782 2385; baseline -0.002 -22"><span class='ocrx_word' id='word_1_140' title='bbox 230 2315 262 2364; x_wconf 92' lang='lat' dir='ltr'>et</span> <span class='ocrx_word' id='word_1_141' title='bbox 286 2325 327 2363; x_wconf 89' lang='lat' dir='ltr'>ex</span> <span class='ocrx_word' id='word_1_142' title='bbox 352 2325 388 2364; x_wconf 93' lang='lat' dir='ltr'>ea</span> <span class='ocrx_word' id='word_1_143' title='bbox 415 2304 539 2383; x_wconf 91' lang='lat' dir='ltr'>prolem</span> <span class='ocrx_word' id='word_1_144' title='bbox 573 2307 725 2385; x_wconf 85' lang='lat' dir='ltr'>suscepit,</span> <span class='ocrx_word' id='word_1_145' title='bbox 761 2305 802 2365; x_wconf 91' lang='lat' dir='ltr'>ad</span> <span class='ocrx_word' id='word_1_146' title='bbox 836 2307 1051 2383; x_wconf 86' lang='lat' dir='ltr'>penitenciam</span> <span class='ocrx_word' id='word_1_147' title='bbox 1077 2304 1103 2364; x_wconf 98' lang='lat' dir='ltr'>ll</span> <span class='ocrx_word' id='word_1_148' title='bbox 1129 2306 1286 2365; x_wconf 85' lang='lat' dir='ltr'>mensium</span> <span class='ocrx_word' id='word_1_149' title='bbox 1319 2305 1504 2363; x_wconf 90' lang='lat' dir='ltr'>incarcere</span> <span class='ocrx_word' id='word_1_150' title='bbox 1535 2301 1586 2362; x_wconf 91' lang='lat' dir='ltr'>hic</span> <span class='ocrx_word' id='word_1_151' title='bbox 1618 2303 1648 2361; x_wconf 92' lang='lat' dir='ltr'>iu</span> <span class='ocrx_word' id='word_1_152' title='bbox 1674 2311 1782 2362; x_wconf 89' lang='lat' dir='ltr'>castro</span> 
     </span>
     <span class='ocr_line' id='line_1_16' title="bbox 231 2409 1782 2492; baseline -0.001 -22"><span class='ocrx_word' id='word_1_153' title='bbox 231 2409 425 2472; x_wconf 87' lang='lat' dir='ltr'>Poltoviensi</span> <span class='ocrx_word' id='word_1_154' title='bbox 451 2409 631 2472; x_wconf 88' lang='lat' dir='ltr'>faciendam</span> <span class='ocrx_word' id='word_1_155' title='bbox 657 2412 909 2492; x_wconf 90' lang='lat' dir='ltr'>condempnavit</span> <span class='ocrx_word' id='word_1_156' title='bbox 941 2425 975 2471; x_wconf 89' lang='lat' dir='ltr'>et</span> <span class='ocrx_word' id='word_1_157' title='bbox 999 2415 1171 2473; x_wconf 90' lang='lat' dir='ltr'>terminum</span> <span class='ocrx_word' id='word_1_158' title='bbox 1205 2426 1238 2472; x_wconf 90' lang='lat' dir='ltr'>et</span> <span class='ocrx_word' id='word_1_159' title='bbox 1262 2421 1392 2490; x_wconf 89' lang='lat' dir='ltr'>tempus</span> <span class='ocrx_word' id='word_1_160' title='bbox 1416 2411 1575 2470; x_wconf 86' lang='lat' dir='ltr'>iniciande</span> <span class='ocrx_word' id='word_1_161' title='bbox 1600 2409 1782 2488; x_wconf 90' lang='lat' dir='ltr'>penitencie</span> 
     </span>
     <span class='ocr_line' id='line_1_17' title="bbox 230 2517 1781 2598; baseline -0.003 -19"><span class='ocrx_word' id='word_1_162' title='bbox 230 2520 359 2580; x_wconf 88' lang='lat' dir='ltr'>decrete</span> <span class='ocrx_word' id='word_1_163' title='bbox 385 2517 497 2579; x_wconf 89' lang='lat' dir='ltr'>feriam</span> <span class='ocrx_word' id='word_1_164' title='bbox 525 2518 614 2578; x_wconf 68' lang='lat' dir='ltr'>Vl²³¹²¹</span> <span class='ocrx_word' id='word_1_165' title='bbox 636 2539 728 2598; x_wconf 89' lang='lat' dir='ltr'>prox.</span> <span class='ocrx_word' id='word_1_166' title='bbox 754 2528 830 2598; x_wconf 92' lang='lat' dir='ltr'>post</span> <span class='ocrx_word' id='word_1_167' title='bbox 856 2517 972 2579; x_wconf 86' lang='lat' dir='ltr'>festum</span> <span class='ocrx_word' id='word_1_168' title='bbox 999 2517 1181 2598; x_wconf 89' lang='lat' dir='ltr'>Epiphanie</span> <span class='ocrx_word' id='word_1_169' title='bbox 1205 2517 1378 2578; x_wconf 80' lang='lat' dir='ltr'>affuturum</span> <span class='ocrx_word' id='word_1_170' title='bbox 1403 2517 1462 2578; x_wconf 92' lang='lat' dir='ltr'>sub</span> <span class='ocrx_word' id='word_1_171' title='bbox 1489 2537 1571 2596; x_wconf 91' lang='lat' dir='ltr'>pena</span> <span class='ocrx_word' id='word_1_172' title='bbox 1596 2535 1781 2576; x_wconf 90' lang='lat' dir='ltr'>excommu.</span> 
     </span>
     <span class='ocr_line' id='line_1_18' title="bbox 230 2627 639 2704; baseline 0.002 -19"><span class='ocrx_word' id='word_1_173' title='bbox 230 2627 404 2686; x_wconf 88' lang='lat' dir='ltr'>nicacionis</span> <span class='ocrx_word' id='word_1_174' title='bbox 429 2627 620 2704; x_wconf 90' lang='lat' dir='ltr'>assignavit.</span> <span class='ocrx_word' id='word_1_175' title='bbox 633 2675 639 2686; x_wconf 93' lang='lat'>.</span> 
     </span>
    </p>
   </div>
   <div class='ocr_carea' id='block_1_6' title="bbox 445 2816 1490 2897">
    <p class='ocr_par' dir='ltr' id='par_1_6' title="bbox 445 2816 1490 2897">
     <span class='ocr_line' id='line_1_19' title="bbox 445 2816 1490 2897; baseline 0.002 -20"><span class='ocrx_word' id='word_1_176' title='bbox 445 2819 483 2877; x_wconf 78' lang='grc' dir='ltr'>Α.</span> <span class='ocrx_word' id='word_1_177' title='bbox 514 2816 604 2895; x_wconf 83' lang='lat'>1466,</span> <span class='ocrx_word' id='word_1_178' title='bbox 629 2817 766 2878; x_wconf 89' lang='lat' dir='ltr'>Ianuarii</span> <span class='ocrx_word' id='word_1_179' title='bbox 792 2821 842 2891; x_wconf 88' lang='lat'>28,</span> <span class='ocrx_word' id='word_1_180' title='bbox 868 2819 898 2877; x_wconf 94' lang='lat' dir='ltr'>in</span> <span class='ocrx_word' id='word_1_181' title='bbox 926 2817 1111 2880; x_wconf 76' lang='lat' dir='ltr'>Wischlrow</span> <span class='ocrx_word' id='word_1_182' title='bbox 1138 2820 1167 2878; x_wconf 94' lang='lat' dir='ltr'>in</span> <span class='ocrx_word' id='word_1_183' title='bbox 1192 2821 1278 2878; x_wconf 88' lang='lat' dir='ltr'>curia</span> <span class='ocrx_word' id='word_1_184' title='bbox 1304 2819 1490 2897; x_wconf 88' lang='lat' dir='ltr'>episcopali.</span> 
     </span>
    </p>
   </div>
   <div class='ocr_carea' id='block_1_7' title="bbox 229 2939 1782 4310">
    <p class='ocr_par' dir='ltr' id='par_1_7' title="bbox 229 2939 1782 4310">
     <span class='ocr_line' id='line_1_20' title="bbox 337 2939 1780 3025; baseline 0 -21"><span class='ocrx_word' id='word_1_185' title='bbox 337 2939 398 3005; x_wconf 82' lang='grc'>80.</span> <span class='ocrx_word' id='word_1_186' title='bbox 431 2941 529 3025; x_wconf 79' lang='lat' dir='ltr'>(Acta</span> <span class='ocrx_word' id='word_1_187' title='bbox 557 2944 653 3022; x_wconf 90' lang='lat' dir='ltr'>episc.</span> <span class='ocrx_word' id='word_1_188' title='bbox 678 2943 733 3022; x_wconf 80' lang='lat' dir='ltr'>Il..</span> <span class='ocrx_word' id='word_1_189' title='bbox 769 2943 860 3004; x_wconf 90' lang='lat' dir='ltr'>Duus</span> <span class='ocrx_word' id='word_1_190' title='bbox 892 2942 1052 3005; x_wconf 89' lang='lat' dir='ltr'>Stiborius</span> <span class='ocrx_word' id='word_1_191' title='bbox 1085 2943 1123 3002; x_wconf 93' lang='lat' dir='ltr'>D.</span> <span class='ocrx_word' id='word_1_192' title='bbox 1148 2965 1177 3021; x_wconf 87' lang='lat' dir='ltr'>g.</span> <span class='ocrx_word' id='word_1_193' title='bbox 1202 2946 1377 3022; x_wconf 86' lang='lat' dir='ltr'>episcopus</span> <span class='ocrx_word' id='word_1_194' title='bbox 1410 2944 1574 3006; x_wconf 88' lang='lat' dir='ltr'>Ploccnsis</span> <span class='ocrx_word' id='word_1_195' title='bbox 1605 2945 1780 3006; x_wconf 88' lang='lat' dir='ltr'>discretum</span> 
     </span>
     <span class='ocr_line' id='line_1_21' title="bbox 230 3049 1781 3129; baseline 0.002 -20"><span class='ocrx_word' id='word_1_196' title='bbox 230 3050 407 3110; x_wconf 87' lang='lat' dir='ltr'>Iohannem</span> <span class='ocrx_word' id='word_1_197' title='bbox 434 3051 562 3109; x_wconf 88' lang='lat' dir='ltr'>Martini</span> <span class='ocrx_word' id='word_1_198' title='bbox 588 3051 628 3110; x_wconf 91' lang='lat' dir='ltr'>de</span> <span class='ocrx_word' id='word_1_199' title='bbox 654 3049 816 3116; x_wconf 87' lang='lat' dir='ltr'>Makowo,</span> <span class='ocrx_word' id='word_1_200' title='bbox 849 3050 1065 3129; x_wconf 86' lang='lat' dir='ltr'>presbiterum</span> <span class='ocrx_word' id='word_1_201' title='bbox 1096 3051 1127 3110; x_wconf 94' lang='lat' dir='ltr'>in</span> <span class='ocrx_word' id='word_1_202' title='bbox 1152 3053 1238 3111; x_wconf 90' lang='lat' dir='ltr'>curia</span> <span class='ocrx_word' id='word_1_203' title='bbox 1262 3050 1412 3112; x_wconf 87' lang='lat' dir='ltr'>Romana</span> <span class='ocrx_word' id='word_1_204' title='bbox 1445 3053 1485 3114; x_wconf 92' lang='lat' dir='ltr'>ad</span> <span class='ocrx_word' id='word_1_205' title='bbox 1518 3072 1628 3113; x_wconf 89' lang='lat' dir='ltr'>sacros</span> <span class='ocrx_word' id='word_1_206' title='bbox 1652 3052 1781 3112; x_wconf 90' lang='lat' dir='ltr'>ordines</span> 
     </span>
     <span class='ocr_line' id='line_1_22' title="bbox 230 3139 1782 3238; baseline 0.001 -21"><span class='ocrx_word' id='word_1_207' title='bbox 230 3157 270 3217; x_wconf 90' lang='lat' dir='ltr'>ad</span> <span class='ocrx_word' id='word_1_208' title='bbox 296 3158 515 3236; x_wconf 89' lang='lat' dir='ltr'>provisionem</span> <span class='ocrx_word' id='word_1_209' title='bbox 540 3156 654 3218; x_wconf 90' lang='lat' dir='ltr'>honor.</span> <span class='ocrx_word' id='word_1_210' title='bbox 680 3159 810 3230; x_wconf 85' lang='lat' dir='ltr'>Mathie,</span> <span class='ocrx_word' id='word_1_211' title='bbox 844 3139 972 3237; x_wconf 88' lang='lat' dir='ltr'>plebani</span> <span class='ocrx_word' id='word_1_212' title='bbox 998 3159 1028 3216; x_wconf 90' lang='lat' dir='ltr'>in</span> <span class='ocrx_word' id='word_1_213' title='bbox 1054 3156 1207 3219; x_wconf 84' lang='lat' dir='ltr'>Makowo</span> <span class='ocrx_word' id='word_1_214' title='bbox 1232 3159 1423 3224; x_wconf 84' lang='lat' dir='ltr'>ordinatum.</span> <span class='ocrx_word' id='word_1_215' title='bbox 1449 3161 1668 3222; x_wconf 88' lang='lat' dir='ltr'>examinatum</span> <span class='ocrx_word' id='word_1_216' title='bbox 1694 3159 1782 3238; x_wconf 91' lang='lat' dir='ltr'>prius</span> 
     </span>
     <span class='ocr_line' id='line_1_23' title="bbox 230 3257 1781 3344; baseline 0 -20"><span class='ocrx_word' id='word_1_217' title='bbox 230 3275 262 3324; x_wconf 92' lang='lat' dir='ltr'>et</span> <span class='ocrx_word' id='word_1_218' title='bbox 286 3265 355 3323; x_wconf 90' lang='lat' dir='ltr'>eius</span> <span class='ocrx_word' id='word_1_219' title='bbox 380 3263 496 3324; x_wconf 86' lang='lat' dir='ltr'>librata</span> <span class='ocrx_word' id='word_1_220' title='bbox 519 3264 665 3336; x_wconf 87' lang='lat' dir='ltr'>sciencia,</span> <span class='ocrx_word' id='word_1_221' title='bbox 690 3265 730 3324; x_wconf 89' lang='lat' dir='ltr'>ad</span> <span class='ocrx_word' id='word_1_222' title='bbox 748 3265 881 3324; x_wconf 89' lang='lat' dir='ltr'>duarum</span> <span class='ocrx_word' id='word_1_223' title='bbox 907 3257 1076 3324; x_wconf 77' lang='lat' dir='ltr'>missarum</span> <span class='ocrx_word' id='word_1_224' title='bbox 1102 3263 1216 3331; x_wconf 83' lang='lat' dir='ltr'>officia,</span> <span class='ocrx_word' id='word_1_225' title='bbox 1242 3265 1391 3326; x_wconf 90' lang='lat' dir='ltr'>videlicet</span> <span class='ocrx_word' id='word_1_226' title='bbox 1415 3265 1456 3326; x_wconf 85' lang='lat' dir='ltr'>de</span> <span class='ocrx_word' id='word_1_227' title='bbox 1474 3267 1502 3326; x_wconf 90' lang='lat' dir='ltr'>b.</span> <span class='ocrx_word' id='word_1_228' title='bbox 1520 3265 1654 3344; x_wconf 80' lang='lat' dir='ltr'>Virgine</span> <span class='ocrx_word' id='word_1_229' title='bbox 1672 3276 1706 3326; x_wconf 90' lang='lat' dir='ltr'>et</span> <span class='ocrx_word' id='word_1_230' title='bbox 1723 3285 1781 3343; x_wconf 89' lang='lat' dir='ltr'>pro</span> 
     </span>
     <span class='ocr_line' id='line_1_24' title="bbox 229 3370 1780 3452; baseline -0.001 -21"><span class='ocrx_word' id='word_1_231' title='bbox 229 3370 389 3431; x_wconf 73' lang='lat' dir='ltr'>defunctis</span> <span class='ocrx_word' id='word_1_232' title='bbox 407 3371 574 3445; x_wconf 86' lang='lat' dir='ltr'>duntaxat,</span> <span class='ocrx_word' id='word_1_233' title='bbox 592 3373 721 3432; x_wconf 88' lang='lat' dir='ltr'>admisit</span> <span class='ocrx_word' id='word_1_234' title='bbox 738 3372 941 3444; x_wconf 89' lang='lat' dir='ltr'>celebranda,</span> <span class='ocrx_word' id='word_1_235' title='bbox 967 3374 1009 3432; x_wconf 90' lang='lat' dir='ltr'>ita</span> <span class='ocrx_word' id='word_1_236' title='bbox 1027 3383 1144 3438; x_wconf 85' lang='lat' dir='ltr'>tamen.</span> <span class='ocrx_word' id='word_1_237' title='bbox 1172 3372 1259 3452; x_wconf 92' lang='lat' dir='ltr'>quod</span> <span class='ocrx_word' id='word_1_238' title='bbox 1280 3383 1355 3432; x_wconf 89' lang='lat' dir='ltr'>ante</span> <span class='ocrx_word' id='word_1_239' title='bbox 1371 3373 1627 3434; x_wconf 90' lang='lat' dir='ltr'>celebracionem</span> <span class='ocrx_word' id='word_1_240' title='bbox 1644 3373 1780 3452; x_wconf 90' lang='lat' dir='ltr'>primam</span> 
     </span>
     <span class='ocr_line' id='line_1_25' title="bbox 229 3478 1781 3560; baseline 0.002 -23"><span class='ocrx_word' id='word_1_241' title='bbox 229 3478 398 3537; x_wconf 89' lang='lat' dir='ltr'>missarum</span> <span class='ocrx_word' id='word_1_242' title='bbox 436 3478 652 3556; x_wconf 90' lang='lat' dir='ltr'>predictarum</span> <span class='ocrx_word' id='word_1_243' title='bbox 690 3481 794 3560; x_wconf 92' lang='lat' dir='ltr'>primo</span> <span class='ocrx_word' id='word_1_244' title='bbox 826 3499 861 3540; x_wconf 92' lang='lat' dir='ltr'>se</span> <span class='ocrx_word' id='word_1_245' title='bbox 886 3489 1090 3558; x_wconf 89' lang='lat' dir='ltr'>representet</span> <span class='ocrx_word' id='word_1_246' title='bbox 1122 3481 1187 3540; x_wconf 90' lang='lat' dir='ltr'>dno</span> <span class='ocrx_word' id='word_1_247' title='bbox 1220 3478 1389 3559; x_wconf 84' lang='lat' dir='ltr'>Episcopo</span> <span class='ocrx_word' id='word_1_248' title='bbox 1421 3492 1453 3540; x_wconf 92' lang='lat' dir='ltr'>et</span> <span class='ocrx_word' id='word_1_249' title='bbox 1485 3500 1625 3540; x_wconf 89' lang='lat' dir='ltr'>examen</span> <span class='ocrx_word' id='word_1_250' title='bbox 1657 3479 1781 3553; x_wconf 89' lang='lat' dir='ltr'>subeat,</span> 
     </span>
     <span class='ocr_line' id='line_1_26' title="bbox 230 3584 1780 3665; baseline 0.001 -20"><span class='ocrx_word' id='word_1_251' title='bbox 230 3593 334 3645; x_wconf 90' lang='lat' dir='ltr'>utrum</span> <span class='ocrx_word' id='word_1_252' title='bbox 367 3585 398 3644; x_wconf 92' lang='lat' dir='ltr'>in</span> <span class='ocrx_word' id='word_1_253' title='bbox 423 3585 501 3663; x_wconf 89' lang='lat' dir='ltr'>ipsis</span> <span class='ocrx_word' id='word_1_254' title='bbox 533 3587 637 3645; x_wconf 89' lang='lat' dir='ltr'>missis</span> <span class='ocrx_word' id='word_1_255' title='bbox 671 3594 704 3646; x_wconf 89' lang='lat' dir='ltr'>et</span> <span class='ocrx_word' id='word_1_256' title='bbox 728 3585 849 3647; x_wconf 89' lang='lat' dir='ltr'>lectura</span> <span class='ocrx_word' id='word_1_257' title='bbox 881 3606 989 3646; x_wconf 91' lang='lat' dir='ltr'>earum</span> <span class='ocrx_word' id='word_1_258' title='bbox 1023 3587 1064 3647; x_wconf 91' lang='lat' dir='ltr'>sit</span> <span class='ocrx_word' id='word_1_259' title='bbox 1097 3584 1269 3665; x_wconf 85' lang='lat' dir='ltr'>perlectus,</span> <span class='ocrx_word' id='word_1_260' title='bbox 1301 3607 1341 3646; x_wconf 87' lang='lat' dir='ltr'>an</span> <span class='ocrx_word' id='word_1_261' title='bbox 1366 3606 1444 3664; x_wconf 88' lang='lat' dir='ltr'>non;</span> <span class='ocrx_word' id='word_1_262' title='bbox 1480 3607 1552 3647; x_wconf 90' lang='lat' dir='ltr'>uam</span> <span class='ocrx_word' id='word_1_263' title='bbox 1587 3589 1613 3646; x_wconf 88' lang='lat' dir='ltr'>si</span> <span class='ocrx_word' id='word_1_264' title='bbox 1638 3585 1780 3656; x_wconf 90' lang='lat' dir='ltr'>valuerit,</span> 
     </span>
     <span class='ocr_line' id='line_1_27' title="bbox 230 3689 1780 3772; baseline 0.003 -22"><span class='ocrx_word' id='word_1_265' title='bbox 230 3689 363 3750; x_wconf 88' lang='lat' dir='ltr'>liberum</span> <span class='ocrx_word' id='word_1_266' title='bbox 397 3690 528 3753; x_wconf 89' lang='lat' dir='ltr'>habebit</span> <span class='ocrx_word' id='word_1_267' title='bbox 552 3692 676 3753; x_wconf 92' lang='lat' dir='ltr'>aditum</span> <span class='ocrx_word' id='word_1_268' title='bbox 708 3693 749 3753; x_wconf 92' lang='lat' dir='ltr'>ad</span> <span class='ocrx_word' id='word_1_269' title='bbox 774 3691 882 3753; x_wconf 85' lang='lat' dir='ltr'>officia</span> <span class='ocrx_word' id='word_1_270' title='bbox 905 3693 975 3772; x_wconf 91' lang='lat' dir='ltr'>ipsa</span> <span class='ocrx_word' id='word_1_271' title='bbox 1000 3691 1209 3769; x_wconf 87' lang='lat' dir='ltr'>celebranda;</span> <span class='ocrx_word' id='word_1_272' title='bbox 1240 3693 1280 3754; x_wconf 91' lang='lat' dir='ltr'>de</span> <span class='ocrx_word' id='word_1_273' title='bbox 1305 3696 1516 3755; x_wconf 86' lang='lat' dir='ltr'>sacramentis</span> <span class='ocrx_word' id='word_1_274' title='bbox 1548 3705 1656 3754; x_wconf 89' lang='lat' dir='ltr'>autem</span> <span class='ocrx_word' id='word_1_275' title='bbox 1682 3692 1780 3754; x_wconf 90' lang='lat' dir='ltr'>eccle·</span> 
     </span>
     <span class='ocr_line' id='line_1_28' title="bbox 230 3798 1780 3880; baseline 0.003 -24"><span class='ocrx_word' id='word_1_276' title='bbox 230 3798 364 3858; x_wconf 88' lang='lat' dir='ltr'>siasticis</span> <span class='ocrx_word' id='word_1_277' title='bbox 396 3807 428 3857; x_wconf 87' lang='lat' dir='ltr'>et</span> <span class='ocrx_word' id='word_1_278' title='bbox 452 3798 493 3858; x_wconf 91' lang='lat' dir='ltr'>de</span> <span class='ocrx_word' id='word_1_279' title='bbox 517 3799 660 3876; x_wconf 89' lang='lat' dir='ltr'>ipsorum</span> <span class='ocrx_word' id='word_1_280' title='bbox 689 3799 973 3861; x_wconf 86' lang='lat' dir='ltr'>administracione</span> <span class='ocrx_word' id='word_1_281' title='bbox 1005 3819 1039 3860; x_wconf 89' lang='lat' dir='ltr'>se</span> <span class='ocrx_word' id='word_1_282' title='bbox 1065 3798 1246 3860; x_wconf 89' lang='lat' dir='ltr'>nullatenus</span> <span class='ocrx_word' id='word_1_283' title='bbox 1278 3803 1414 3880; x_wconf 84' lang='lat' dir='ltr'>ingerat,</span> <span class='ocrx_word' id='word_1_284' title='bbox 1446 3821 1506 3861; x_wconf 89' lang='lat' dir='ltr'>nec</span> <span class='ocrx_word' id='word_1_285' title='bbox 1530 3821 1642 3861; x_wconf 88' lang='lat' dir='ltr'>eorum</span> <span class='ocrx_word' id='word_1_286' title='bbox 1675 3801 1780 3879; x_wconf 91' lang='lat' dir='ltr'>aliqua</span> 
     </span>
     <span class='ocr_line' id='line_1_29' title="bbox 230 3905 1780 3988; baseline 0.003 -24"><span class='ocrx_word' id='word_1_287' title='bbox 230 3905 452 3965; x_wconf 87' lang='lat' dir='ltr'>administrare</span> <span class='ocrx_word' id='word_1_288' title='bbox 478 3921 651 3983; x_wconf 87' lang='lat' dir='ltr'>presumat,</span> <span class='ocrx_word' id='word_1_289' title='bbox 677 3925 718 3967; x_wconf 88' lang='lat' dir='ltr'>ue</span> <span class='ocrx_word' id='word_1_290' title='bbox 735 3927 793 3967; x_wconf 91' lang='lat' dir='ltr'>sua</span> <span class='ocrx_word' id='word_1_291' title='bbox 811 3907 999 3984; x_wconf 85' lang='lat' dir='ltr'>ignorancia</span> <span class='ocrx_word' id='word_1_292' title='bbox 1022 3909 1053 3967; x_wconf 94' lang='lat' dir='ltr'>in</span> <span class='ocrx_word' id='word_1_293' title='bbox 1071 3907 1213 3968; x_wconf 89' lang='lat' dir='ltr'>deterius</span> <span class='ocrx_word' id='word_1_294' title='bbox 1238 3906 1435 3986; x_wconf 89' lang='lat' dir='ltr'>prolabatur.</span> <span class='ocrx_word' id='word_1_295' title='bbox 1461 3907 1557 3988; x_wconf 83' lang='lat' dir='ltr'>Quod</span> <span class='ocrx_word' id='word_1_296' title='bbox 1579 3911 1605 3968; x_wconf 89' lang='lat' dir='ltr'>si</span> <span class='ocrx_word' id='word_1_297' title='bbox 1622 3909 1780 3969; x_wconf 87' lang='lat' dir='ltr'>studuerit</span> 
     </span>
     <span class='ocr_line' id='line_1_30' title="bbox 230 4010 1780 4095; baseline 0.003 -25"><span class='ocrx_word' id='word_1_298' title='bbox 230 4024 261 4072; x_wconf 90' lang='lat' dir='ltr'>et</span> <span class='ocrx_word' id='word_1_299' title='bbox 285 4011 443 4072; x_wconf 90' lang='lat' dir='ltr'>iudicatus</span> <span class='ocrx_word' id='word_1_300' title='bbox 476 4010 568 4073; x_wconf 90' lang='lat' dir='ltr'>suerit</span> <span class='ocrx_word' id='word_1_301' title='bbox 600 4011 712 4075; x_wconf 87' lang='lat' dir='ltr'>valens</span> <span class='ocrx_word' id='word_1_302' title='bbox 744 4015 785 4074; x_wconf 93' lang='lat' dir='ltr'>ad</span> <span class='ocrx_word' id='word_1_303' title='bbox 809 4015 968 4095; x_wconf 85' lang='lat' dir='ltr'>integram</span> <span class='ocrx_word' id='word_1_304' title='bbox 1004 4017 1170 4074; x_wconf 91' lang='lat' dir='ltr'>missarum</span> <span class='ocrx_word' id='word_1_305' title='bbox 1208 4015 1363 4076; x_wconf 89' lang='lat' dir='ltr'>lecturam</span> <span class='ocrx_word' id='word_1_306' title='bbox 1394 4027 1428 4076; x_wconf 93' lang='lat' dir='ltr'>et</span> <span class='ocrx_word' id='word_1_307' title='bbox 1460 4016 1718 4076; x_wconf 88' lang='lat' dir='ltr'>celebracionem</span> <span class='ocrx_word' id='word_1_308' title='bbox 1743 4035 1780 4074; x_wconf 90' lang='lat' dir='ltr'>ac</span> 
     </span>
     <span class='ocr_line' id='line_1_31' title="bbox 230 4117 1780 4202; baseline 0.003 -24"><span class='ocrx_word' id='word_1_309' title='bbox 230 4117 544 4180; x_wconf 88' lang='lat' dir='ltr'>administracionem</span> <span class='ocrx_word' id='word_1_310' title='bbox 570 4119 862 4182; x_wconf 88' lang='lat' dir='ltr'>ecclesiasticorum</span> <span class='ocrx_word' id='word_1_311' title='bbox 888 4132 1163 4183; x_wconf 87' lang='lat' dir='ltr'>sacramentorum</span> <span class='ocrx_word' id='word_1_312' title='bbox 1191 4143 1248 4202; x_wconf 91' lang='lat' dir='ltr'>per</span> <span class='ocrx_word' id='word_1_313' title='bbox 1265 4123 1362 4183; x_wconf 91' lang='lat' dir='ltr'>dnum</span> <span class='ocrx_word' id='word_1_314' title='bbox 1379 4121 1579 4201; x_wconf 88' lang='lat' dir='ltr'>Episcopum</span> <span class='ocrx_word' id='word_1_315' title='bbox 1597 4133 1630 4184; x_wconf 90' lang='lat' dir='ltr'>et</span> <span class='ocrx_word' id='word_1_316' title='bbox 1647 4123 1780 4183; x_wconf 88' lang='lat' dir='ltr'>subierit</span> 
     </span>
     <span class='ocr_line' id='line_1_32' title="bbox 231 4228 1619 4310; baseline 0.002 -25"><span class='ocrx_word' id='word_1_317' title='bbox 231 4245 367 4286; x_wconf 87' lang='lat' dir='ltr'>examen</span> <span class='ocrx_word' id='word_1_318' title='bbox 395 4228 426 4286; x_wconf 91' lang='lat' dir='ltr'>in</span> <span class='ocrx_word' id='word_1_319' title='bbox 451 4247 484 4286; x_wconf 93' lang='lat' dir='ltr'>re</span> <span class='ocrx_word' id='word_1_320' title='bbox 509 4229 592 4306; x_wconf 91' lang='lat' dir='ltr'>ipsa,</span> <span class='ocrx_word' id='word_1_321' title='bbox 618 4247 727 4289; x_wconf 90' lang='lat' dir='ltr'>secum</span> <span class='ocrx_word' id='word_1_322' title='bbox 753 4249 811 4308; x_wconf 90' lang='lat' dir='ltr'>per</span> <span class='ocrx_word' id='word_1_323' title='bbox 835 4228 973 4290; x_wconf 88' lang='lat' dir='ltr'>cundem</span> <span class='ocrx_word' id='word_1_324' title='bbox 999 4230 1097 4290; x_wconf 90' lang='lat' dir='ltr'>dnum</span> <span class='ocrx_word' id='word_1_325' title='bbox 1123 4228 1324 4310; x_wconf 88' lang='lat' dir='ltr'>Episcopum</span> <span class='ocrx_word' id='word_1_326' title='bbox 1349 4230 1619 4308; x_wconf 89' lang='lat' dir='ltr'>dispensabitur..</span> 
     </span>
    </p>
   </div>
   <div class='ocr_carea' id='block_1_8' title="bbox 442 4418 1370 4500">
    <p class='ocr_par' dir='ltr' id='par_1_8' title="bbox 442 4418 1370 4500">
     <span class='ocr_line' id='line_1_33' title="bbox 442 4418 1370 4500; baseline 0.002 -20"><span class='ocrx_word' id='word_1_327' title='bbox 442 4418 484 4480; x_wconf 90' lang='grc' dir='ltr'>Α.</span> <span class='ocrx_word' id='word_1_328' title='bbox 515 4420 604 4497; x_wconf 86' lang='lat'>1467,</span> <span class='ocrx_word' id='word_1_329' title='bbox 630 4419 765 4481; x_wconf 90' lang='lat' dir='ltr'>Ianuarii</span> <span class='ocrx_word' id='word_1_330' title='bbox 792 4438 841 4500; x_wconf 87' lang='lat'>31,</span> <span class='ocrx_word' id='word_1_331' title='bbox 866 4424 896 4482; x_wconf 93' lang='lat' dir='ltr'>in</span> <span class='ocrx_word' id='word_1_332' title='bbox 921 4423 1116 4482; x_wconf 89' lang='lat' dir='ltr'>consistorio</span> <span class='ocrx_word' id='word_1_333' title='bbox 1140 4420 1370 4484; x_wconf 85' lang='lat' dir='ltr'>Polthoviensi.</span> 
     </span>
    </p>
   </div>
   <div class='ocr_carea' id='block_1_9' title="bbox 228 4539 1780 5372">
    <p class='ocr_par' dir='ltr' id='par_1_9' title="bbox 228 4539 1780 5372">
     <span class='ocr_line' id='line_1_34' title="bbox 336 4539 1780 4627; baseline 0.001 -21"><span class='ocrx_word' id='word_1_334' title='bbox 336 4539 399 4606; x_wconf 88' lang='lat'>81.</span> <span class='ocrx_word' id='word_1_335' title='bbox 431 4543 529 4622; x_wconf 84' lang='lat' dir='ltr'>(Acta</span> <span class='ocrx_word' id='word_1_336' title='bbox 553 4543 635 4605; x_wconf 84' lang='lat' dir='ltr'>offic.</span> <span class='ocrx_word' id='word_1_337' title='bbox 659 4543 730 4624; x_wconf 90' lang='lat'>11)..</span> <span class='ocrx_word' id='word_1_338' title='bbox 763 4545 882 4606; x_wconf 90' lang='lat' dir='ltr'>Vener.</span> <span class='ocrx_word' id='word_1_339' title='bbox 908 4565 986 4624; x_wconf 87' lang='lat' dir='ltr'>mgr.</span> <span class='ocrx_word' id='word_1_340' title='bbox 1013 4545 1172 4616; x_wconf 88' lang='lat' dir='ltr'>Thomas,</span> <span class='ocrx_word' id='word_1_341' title='bbox 1207 4545 1353 4607; x_wconf 85' lang='lat' dir='ltr'>officialis</span> <span class='ocrx_word' id='word_1_342' title='bbox 1384 4546 1612 4618; x_wconf 88' lang='lat' dir='ltr'>Poltoviensis,</span> <span class='ocrx_word' id='word_1_343' title='bbox 1646 4560 1780 4627; x_wconf 88' lang='lat' dir='ltr'>recepto</span> 
     </span>
     <span class='ocr_line' id='line_1_35' title="bbox 229 4649 1780 4733; baseline 0.004 -23"><span class='ocrx_word' id='word_1_344' title='bbox 229 4649 360 4728; x_wconf 88' lang='lat' dir='ltr'>speciali</span> <span class='ocrx_word' id='word_1_345' title='bbox 384 4649 574 4711; x_wconf 89' lang='lat' dir='ltr'>mandato..</span> <span class='ocrx_word' id='word_1_346' title='bbox 598 4649 651 4711; x_wconf 93' lang='lat' dir='ltr'>dni</span> <span class='ocrx_word' id='word_1_347' title='bbox 676 4651 807 4712; x_wconf 85' lang='lat' dir='ltr'>Stiborii</span> <span class='ocrx_word' id='word_1_348' title='bbox 839 4652 878 4712; x_wconf 95' lang='lat' dir='ltr'>D.</span> <span class='ocrx_word' id='word_1_349' title='bbox 902 4673 932 4732; x_wconf 91' lang='lat' dir='ltr'>g.</span> <span class='ocrx_word' id='word_1_350' title='bbox 957 4655 1101 4733; x_wconf 90' lang='lat' dir='ltr'>episcopi</span> <span class='ocrx_word' id='word_1_351' title='bbox 1134 4653 1330 4716; x_wconf 89' lang='lat' dir='ltr'>Plocensis..</span> <span class='ocrx_word' id='word_1_352' title='bbox 1363 4665 1482 4714; x_wconf 90' lang='lat' dir='ltr'>vocato</span> <span class='ocrx_word' id='word_1_353' title='bbox 1513 4655 1554 4714; x_wconf 91' lang='lat' dir='ltr'>ad</span> <span class='ocrx_word' id='word_1_354' title='bbox 1580 4675 1614 4715; x_wconf 90' lang='lat' dir='ltr'>se</span> <span class='ocrx_word' id='word_1_355' title='bbox 1638 4656 1780 4717; x_wconf 91' lang='lat' dir='ltr'>discreto</span> 
     </span>
     <span class='ocr_line' id='line_1_36' title="bbox 229 4755 1778 4843; baseline 0.004 -25"><span class='ocrx_word' id='word_1_356' title='bbox 229 4755 391 4818; x_wconf 87' lang='lat' dir='ltr'>Stanislao</span> <span class='ocrx_word' id='word_1_357' title='bbox 416 4758 658 4819; x_wconf 92' lang='lat' dir='ltr'>commendario</span> <span class='ocrx_word' id='word_1_358' title='bbox 683 4759 723 4820; x_wconf 92' lang='lat' dir='ltr'>de</span> <span class='ocrx_word' id='word_1_359' title='bbox 741 4757 855 4830; x_wconf 91' lang='lat' dir='ltr'>Colno,</span> <span class='ocrx_word' id='word_1_360' title='bbox 880 4761 933 4839; x_wconf 90' lang='lat' dir='ltr'>qui</span> <span class='ocrx_word' id='word_1_361' title='bbox 959 4762 1172 4838; x_wconf 89' lang='lat' dir='ltr'>penitenciam</span> <span class='ocrx_word' id='word_1_362' title='bbox 1199 4761 1229 4820; x_wconf 91' lang='lat' dir='ltr'>in</span> <span class='ocrx_word' id='word_1_363' title='bbox 1247 4775 1355 4822; x_wconf 88' lang='lat' dir='ltr'>castro</span> <span class='ocrx_word' id='word_1_364' title='bbox 1380 4760 1573 4824; x_wconf 88' lang='lat' dir='ltr'>Poltoviensi</span> <span class='ocrx_word' id='word_1_365' title='bbox 1600 4783 1659 4843; x_wconf 89' lang='lat' dir='ltr'>per</span> <span class='ocrx_word' id='word_1_366' title='bbox 1675 4765 1778 4842; x_wconf 90' lang='lat' dir='ltr'>ipsum</span> 
     </span>
     <span class='ocr_line' id='line_1_37' title="bbox 230 4863 1779 4950; baseline 0.005 -27"><span class='ocrx_word' id='word_1_367' title='bbox 230 4863 348 4924; x_wconf 87' lang='lat' dir='ltr'>Rmum</span> <span class='ocrx_word' id='word_1_368' title='bbox 374 4873 499 4942; x_wconf 90' lang='lat' dir='ltr'>patrem</span> <span class='ocrx_word' id='word_1_369' title='bbox 524 4865 586 4944; x_wconf 89' lang='lat' dir='ltr'>ipsi</span> <span class='ocrx_word' id='word_1_370' title='bbox 611 4867 809 4944; x_wconf 83' lang='lat' dir='ltr'>assignatam</span> <span class='ocrx_word' id='word_1_371' title='bbox 836 4865 1015 4946; x_wconf 84' lang='lat' dir='ltr'>perficeret,</span> <span class='ocrx_word' id='word_1_372' title='bbox 1051 4869 1262 4947; x_wconf 86' lang='lat' dir='ltr'>interrogavit</span> <span class='ocrx_word' id='word_1_373' title='bbox 1296 4889 1378 4942; x_wconf 89' lang='lat' dir='ltr'>eum,</span> <span class='ocrx_word' id='word_1_374' title='bbox 1414 4889 1453 4928; x_wconf 89' lang='lat' dir='ltr'>an</span> <span class='ocrx_word' id='word_1_375' title='bbox 1480 4872 1695 4950; x_wconf 90' lang='lat' dir='ltr'>penitenciam</span> <span class='ocrx_word' id='word_1_376' title='bbox 1721 4871 1779 4932; x_wconf 89' lang='lat' dir='ltr'>sibi</span> 
     </span>
     <span class='ocr_line' id='line_1_38' title="bbox 228 4971 1780 5054; baseline 0.006 -26"><span class='ocrx_word' id='word_1_377' title='bbox 228 4971 402 5031; x_wconf 90' lang='lat' dir='ltr'>iniunctam</span> <span class='ocrx_word' id='word_1_378' title='bbox 428 4981 561 5051; x_wconf 88' lang='lat' dir='ltr'>propter</span> <span class='ocrx_word' id='word_1_379' title='bbox 587 4991 661 5033; x_wconf 89' lang='lat' dir='ltr'>acre</span> <span class='ocrx_word' id='word_1_380' title='bbox 686 4984 816 5050; x_wconf 88' lang='lat' dir='ltr'>tempus</span> <span class='ocrx_word' id='word_1_381' title='bbox 842 4973 918 5034; x_wconf 92' lang='lat' dir='ltr'>velit</span> <span class='ocrx_word' id='word_1_382' title='bbox 943 4985 1156 5051; x_wconf 89' lang='lat' dir='ltr'>commutare;</span> <span class='ocrx_word' id='word_1_383' title='bbox 1185 4995 1225 5035; x_wconf 90' lang='lat' dir='ltr'>eo</span> <span class='ocrx_word' id='word_1_384' title='bbox 1251 4988 1383 5054; x_wconf 90' lang='lat' dir='ltr'>petente</span> <span class='ocrx_word' id='word_1_385' title='bbox 1407 4980 1700 5038; x_wconf 83' lang='lat' dir='ltr'>commutacionem</span> <span class='ocrx_word' id='word_1_386' title='bbox 1725 4977 1780 5038; x_wconf 94' lang='lat' dir='ltr'>do-</span> 
     </span>
     <span class='ocr_line' id='line_1_39' title="bbox 229 5077 1780 5164; baseline 0.007 -28"><span class='ocrx_word' id='word_1_387' title='bbox 229 5079 332 5138; x_wconf 91' lang='lat' dir='ltr'>minus</span> <span class='ocrx_word' id='word_1_388' title='bbox 356 5079 460 5157; x_wconf 91' lang='lat' dir='ltr'>ipsum</span> <span class='ocrx_word' id='word_1_389' title='bbox 486 5077 527 5138; x_wconf 91' lang='lat' dir='ltr'>de</span> <span class='ocrx_word' id='word_1_390' title='bbox 544 5080 727 5139; x_wconf 88' lang='lat' dir='ltr'>carceribus</span> <span class='ocrx_word' id='word_1_391' title='bbox 751 5081 874 5141; x_wconf 92' lang='lat' dir='ltr'>remisit</span> <span class='ocrx_word' id='word_1_392' title='bbox 899 5090 931 5140; x_wconf 90' lang='lat' dir='ltr'>et</span> <span class='ocrx_word' id='word_1_393' title='bbox 955 5081 1126 5141; x_wconf 90' lang='lat' dir='ltr'>terminum</span> <span class='ocrx_word' id='word_1_394' title='bbox 1154 5082 1215 5141; x_wconf 90' lang='lat' dir='ltr'>sibi</span> <span class='ocrx_word' id='word_1_395' title='bbox 1239 5084 1438 5160; x_wconf 83' lang='lat' dir='ltr'>ingrediendi</span> <span class='ocrx_word' id='word_1_396' title='bbox 1464 5103 1626 5144; x_wconf 87' lang='lat' dir='ltr'>carcerem</span> <span class='ocrx_word' id='word_1_397' title='bbox 1651 5096 1683 5146; x_wconf 89' lang='lat' dir='ltr'>et</span> <span class='ocrx_word' id='word_1_398' title='bbox 1707 5105 1780 5164; x_wconf 90' lang='lat' dir='ltr'>cep-</span> 
     </span>
     <span class='ocr_line' id='line_1_40' title="bbox 229 5184 1779 5270; baseline 0.006 -27"><span class='ocrx_word' id='word_1_399' title='bbox 229 5193 294 5244; x_wconf 88' lang='lat' dir='ltr'>tam</span> <span class='ocrx_word' id='word_1_400' title='bbox 321 5184 449 5245; x_wconf 88' lang='lat' dir='ltr'>finiendi</span> <span class='ocrx_word' id='word_1_401' title='bbox 474 5187 689 5264; x_wconf 90' lang='lat' dir='ltr'>penitenciam</span> <span class='ocrx_word' id='word_1_402' title='bbox 715 5185 825 5246; x_wconf 85' lang='lat' dir='ltr'>feriam</span> <span class='ocrx_word' id='word_1_403' title='bbox 844 5186 935 5248; x_wconf 71' lang='lat' dir='ltr'>Vl²‘⁴¹²¹</span> <span class='ocrx_word' id='word_1_404' title='bbox 958 5209 1049 5266; x_wconf 88' lang='lat' dir='ltr'>prox.</span> <span class='ocrx_word' id='word_1_405' title='bbox 1075 5198 1152 5267; x_wconf 89' lang='lat' dir='ltr'>post</span> <span class='ocrx_word' id='word_1_406' title='bbox 1176 5190 1370 5250; x_wconf 87' lang='lat' dir='ltr'>dominicam</span> <span class='ocrx_word' id='word_1_407' title='bbox 1389 5186 1690 5270; x_wconf 85' lang='lat' dir='ltr'>Quasimodogeniti</span> <span class='ocrx_word' id='word_1_408' title='bbox 1711 5212 1779 5270; x_wconf 90' lang='lat' dir='ltr'>pre-</span> 
     </span>
     <span class='ocr_line' id='line_1_41' title="bbox 229 5287 1038 5372; baseline 0.007 -23"><span class='ocrx_word' id='word_1_409' title='bbox 229 5287 298 5352; x_wconf 85' lang='lat' dir='ltr'>fixit</span> <span class='ocrx_word' id='word_1_410' title='bbox 322 5292 383 5352; x_wconf 91' lang='lat' dir='ltr'>sub</span> <span class='ocrx_word' id='word_1_411' title='bbox 408 5293 521 5352; x_wconf 89' lang='lat' dir='ltr'>eadem</span> <span class='ocrx_word' id='word_1_412' title='bbox 547 5313 632 5372; x_wconf 88' lang='lat' dir='ltr'>pena</span> <span class='ocrx_word' id='word_1_413' title='bbox 656 5294 1038 5354; x_wconf 87' lang='lat' dir='ltr'>excommunicacionis..</span> 
     </span>
    </p>
   </div>
   <div class='ocr_carea' id='block_1_10' title="bbox 441 5483 1352 5566">
    <p class='ocr_par' dir='ltr' id='par_1_10' title="bbox 441 5483 1352 5566">
     <span class='ocr_line' id='line_1_42' title="bbox 441 5483 1352 5566; baseline 0.004 -20"><span class='ocrx_word' id='word_1_414' title='bbox 441 5483 483 5546; x_wconf 88' lang='lat' dir='ltr'>A.</span> <span class='ocrx_word' id='word_1_415' title='bbox 514 5485 604 5565; x_wconf 81' lang='lat'>1467,</span> <span class='ocrx_word' id='word_1_416' title='bbox 628 5483 751 5566; x_wconf 88' lang='lat' dir='ltr'>Aprilis</span> <span class='ocrx_word' id='word_1_417' title='bbox 777 5503 826 5566; x_wconf 88' lang='lat'>29,</span> <span class='ocrx_word' id='word_1_418' title='bbox 850 5489 881 5547; x_wconf 94' lang='lat' dir='ltr'>in</span> <span class='ocrx_word' id='word_1_419' title='bbox 906 5489 1099 5549; x_wconf 90' lang='lat' dir='ltr'>consistorio</span> <span class='ocrx_word' id='word_1_420' title='bbox 1126 5489 1352 5551; x_wconf 89' lang='lat' dir='ltr'>Polthoviensi.</span> 
     </span>
    </p>
   </div>
   <div class='ocr_carea' id='block_1_11' title="bbox 228 5604 1778 5805">
    <p class='ocr_par' dir='ltr' id='par_1_11' title="bbox 228 5604 1778 5805">
     <span class='ocr_line' id='line_1_43' title="bbox 336 5604 1778 5694; baseline 0.005 -23"><span class='ocrx_word' id='word_1_421' title='bbox 336 5604 398 5671; x_wconf 78' lang='grc'>82.</span> <span class='ocrx_word' id='word_1_422' title='bbox 424 5608 520 5690; x_wconf 85' lang='lat' dir='ltr'>(Acta</span> <span class='ocrx_word' id='word_1_423' title='bbox 545 5609 628 5670; x_wconf 81' lang='lat' dir='ltr'>offic.</span> <span class='ocrx_word' id='word_1_424' title='bbox 653 5611 700 5690; x_wconf 88' lang='lat' dir='ltr'>Il).</span> <span class='ocrx_word' id='word_1_425' title='bbox 724 5611 759 5672; x_wconf 94' lang='lat' dir='ltr'>ln</span> <span class='ocrx_word' id='word_1_426' title='bbox 783 5631 879 5672; x_wconf 89' lang='lat' dir='ltr'>causa</span> <span class='ocrx_word' id='word_1_427' title='bbox 904 5611 1018 5673; x_wconf 89' lang='lat' dir='ltr'>honor.</span> <span class='ocrx_word' id='word_1_428' title='bbox 1035 5612 1172 5686; x_wconf 91' lang='lat' dir='ltr'>Thome,</span> <span class='ocrx_word' id='word_1_429' title='bbox 1199 5615 1327 5692; x_wconf 88' lang='lat' dir='ltr'>plebani</span> <span class='ocrx_word' id='word_1_430' title='bbox 1350 5617 1381 5674; x_wconf 90' lang='lat' dir='ltr'>in</span> <span class='ocrx_word' id='word_1_431' title='bbox 1399 5614 1640 5694; x_wconf 86' lang='lat' dir='ltr'>Smogorzewo‚</span> <span class='ocrx_word' id='word_1_432' title='bbox 1666 5629 1778 5679; x_wconf 90' lang='lat' dir='ltr'>contra</span> 
     </span>
     <span class='ocr_line' id='line_1_44' title="bbox 228 5715 1778 5805; baseline 0.007 -29"><span class='ocrx_word' id='word_1_433' title='bbox 228 5715 369 5788; x_wconf 90' lang='lat' dir='ltr'>Petrum,</span> <span class='ocrx_word' id='word_1_434' title='bbox 405 5717 578 5796; x_wconf 92' lang='lat' dir='ltr'>plebanum</span> <span class='ocrx_word' id='word_1_435' title='bbox 612 5720 652 5779; x_wconf 90' lang='lat' dir='ltr'>de</span> <span class='ocrx_word' id='word_1_436' title='bbox 685 5716 849 5798; x_wconf 85' lang='lat' dir='ltr'>Ostrowa,</span> <span class='ocrx_word' id='word_1_437' title='bbox 883 5739 963 5799; x_wconf 84' lang='lat' dir='ltr'>mgr.</span> <span class='ocrx_word' id='word_1_438' title='bbox 989 5719 1151 5781; x_wconf 89' lang='lat' dir='ltr'>lohannes</span> <span class='ocrx_word' id='word_1_439' title='bbox 1183 5733 1374 5800; x_wconf 91' lang='lat' dir='ltr'>procurator</span> <span class='ocrx_word' id='word_1_440' title='bbox 1405 5721 1566 5785; x_wconf 91' lang='lat' dir='ltr'>Thome..</span> <span class='ocrx_word' id='word_1_441' title='bbox 1601 5728 1778 5805; x_wconf 88' lang='lat' dir='ltr'>proposuit,</span> 
     </span>
    </p>
   </div>
   <div class='ocr_carea' id='block_1_12' title="bbox 0 0 2200 6672">
    <p class='ocr_par' dir='ltr' id='par_1_12' title="bbox 0 0 2200 6672">
     <span class='ocr_line' id='line_1_45' title="bbox 0 0 2200 6672; baseline 0 1"><span class='ocrx_word' id='word_1_442' title='bbox 0 0 2200 6672; x_wconf 95' lang='lat' dir='ltr'> </span> 
     </span>
    </p>
   </div>
  </div>
 </body>
</html>
