4392 6672
448 2481 471 2575 l.
504 2478 645 2575 Actu
685 2477 860 2577 lUDlCll
901 2476 1292 2577 uectustlsvlu
1332 2475 1627 2578 PLOCENSlS.

933 2703 1050 2718 ιΛΛΛΛΛΛ
1057 2703 1137 2718 ῚΛΑΛΑ

474 2929 515 2989 Α.
545 2928 636 3008 1448,
661 2929 827 2990 Februarii
853 2945 881 3008 7,
906 2931 936 2990 in
963 2927 1130 2991 Poltowsk
1155 2931 1296 2990 incuria
1321 2929 1509 3009 episcopali.

372 3051 404 3119 l.
436 3053 535 3134 (Acta
558 3055 657 3134 episc.
680 3053 740 3129 I)..
772 3053 890 3117 Coram
916 3055 1036 3116 Rmo..
1060 3053 1127 3115 dno
1160 3054 1259 3116 Paulo
1291 3053 1330 3115 D.
1355 3075 1385 3136 g.
1410 3055 1567 3135 episcopo
1602 3053 1748 3116 Plocensi
1780 3055 1812 3116 in

260 3182 356 3224 causa
388 3161 614 3240 compromissi
646 3181 705 3241 per
736 3160 933 3241 Boguslaum
965 3161 1006 3223 de
1031 3159 1225 3223 Clambowo
1257 3171 1291 3223 et
1320 3160 1492 3224 Falislaum
1525 3161 1565 3222 de
1590 3160 1811 3223 Dambrowlra

260 3269 468 3330 ecclesiarum
502 3266 733 3346 parochialium
766 3277 910 3329 rectores
942 3269 973 3328 in
997 3287 1171 3348 personam
1205 3267 1319 3349 prelati
1345 3269 1399 3332 dni
1424 3267 1580 3348 Episcopi
1605 3265 1697 3338 iacti,
1728 3267 1812 3329 dnus

261 3375 445 3456 Episcopus
480 3374 600 3436 vallata
632 3395 716 3453 pena
741 3373 768 3437 C
791 3373 858 3436 flor.
883 3379 1135 3455 conspectisque
1166 3377 1287 3438 iuribus
1319 3375 1461 3456 parcium
1494 3386 1527 3437 et
1551 3377 1630 3455 ipsis
1662 3375 1812 3437 hincinde

261 3483 378 3546 auditis
403 3483 635 3562 pronunciavit,
668 3483 756 3561 quod
781 3481 940 3562 plebanus
964 3483 1005 3544 de
1030 3481 1252 3544 Dambrowka
1276 3481 1367 3544 villas
1391 3483 1526 3543 ecclesie
1551 3503 1608 3544 sue
1638 3503 1697 3559 pro
1720 3502 1812 3563 paro-

260 3589 331 3652 chia
355 3591 386 3650 in
408 3589 579 3669 privilegio
602 3589 773 3669 inscriptas
797 3589 973 3650 secundum
998 3599 1147 3651 tenorem
1173 3589 1329 3672 privilegii
1353 3609 1529 3670 procurare
1553 3600 1673 3650 etcum
1692 3590 1812 3650 iuribus

261 3693 500 3778 parochialibus
523 3695 673 3758 videlicet
690 3693 923 3766 oblacionibus,
948 3695 1087 3758 colanda
1111 3707 1144 3758 et
1160 3696 1293 3758 denario
1310 3718 1332 3758 s
1351 3696 1434 3758 Petri
1453 3717 1514 3777 pro
1531 3696 1683 3775 parochia
1701 3707 1812 3758 tenere

260 3803 368 3878 debet,
401 3801 498 3864 salvis
523 3803 656 3864 decimis
681 3801 894 3864 kmethonum
920 3805 951 3866 in
976 3804 1057 3865 villis
1081 3802 1200 3884 duplici
1224 3803 1418 3878 Laszkowo,
1450 3804 1565 3884 triplici
1589 3801 1811 3864 Dambrowka

261 3921 293 3972 et
316 3910 500 3990 Chayanty,
526 3929 606 3990 quas
630 3909 789 3990 plebanus
814 3910 854 3972 de
871 3909 1072 3981 Clambowo,
1098 3920 1195 3991 prout
1219 3912 1340 3972 dudum
1365 3909 1478 3972 habuit
1502 3923 1535 3973 et
1554 3911 1711 3990 possedit,
1736 3929 1809 3972 cum

260 4019 324 4080 suis
341 4017 583 4080 successoribus
607 4026 767 4096 perpetuo
792 4018 958 4094 possidere
982 4018 1095 4091 debet;
1120 4038 1218 4098 super
1242 4018 1358 4098 quibus
1374 4020 1476 4080 eciam
1493 4018 1644 4079 dominus
1667 4017 1812 4079 decrevit

260 4125 364 4186 eidem
391 4123 592 4206 privilegium
616 4123 848 4185 renovandum.
869 4125 1024 4186 -Preterea
1048 4125 1089 4186 de
1106 4128 1192 4206 agris
1209 4124 1337 4205 plebani
1364 4127 1395 4185 in
1412 4124 1635 4186 Dambrowka
1650 4125 1682 4184 in
1699 4124 1811 4185 dotem

260 4233 395 4294 ecclesie
420 4231 595 4314 assignatis
618 4229 698 4293 alias
716 4231 968 4310 poszwyantlzne
983 4234 1029 4292 sic
1046 4233 1282 4312 pronunciavit,
1308 4232 1395 4311 quod
1421 4251 1502 4292 unus
1526 4250 1657 4292 mansus
1682 4229 1812 4311 plebani

260 4338 378 4399 ibidem
405 4341 435 4398 in
460 4331 684 4400 Dambrowka
709 4359 813 4418 prope
837 4339 1006 4401 ecclesiam
1032 4349 1257 4401 emensuratus
1290 4359 1309 4398 a
1333 4340 1498 4400 solucione
1522 4339 1647 4400 decime
1672 4337 1811 4416 plebano

261 4448 291 4506 in
317 4443 517 4515 Clambowo,
550 4465 608 4526 per
633 4465 862 4525 quemcunque
894 4447 998 4508 cultus
1030 4445 1139 4517 suerit,
1172 4447 1249 4508 liber
1273 4447 1347 4520 erit;
1379 4446 1491 4523 reliqui
1525 4464 1603 4505 vero
1627 4446 1729 4505 mansi
1754 4463 1812 4506 seu

261 4553 370 4632 pecies
395 4571 544 4634 agrorum
571 4553 677 4614 eidem
703 4553 843 4631 plebano
868 4564 901 4615 et
918 4555 1054 4615 ecclesie
1078 4573 1136 4613 sue
1160 4555 1190 4613 in
1210 4551 1431 4613 Dambrowka
1457 4572 1515 4632 per
1532 4561 1688 4630 patronos
1712 4551 1812 4631 ipsius

262 4657 381 4732 donati,
414 4658 490 4720 dum
516 4679 574 4738 per
598 4659 771 4739 plebanum
805 4663 846 4722 de
871 4658 1093 4722 Dambrowka
1125 4659 1200 4721 culti
1225 4659 1350 4731 fuerint,
1383 4657 1535 4738 quicquid
1567 4658 1643 4720 inde
1666 4658 1811 4728 creverit,

260 4769 329 4827 sine
353 4766 576 4828 decimacione
600 4787 660 4846 pro
677 4786 712 4829 se
729 4767 836 4844 tollet;
860 4769 948 4847 quod
973 4768 999 4828 si
1016 4767 1150 4828 eosdem
1175 4787 1273 4846 agros
1297 4777 1351 4827 aut
1376 4765 1553 4826 eorundem
1579 4775 1705 4844 partem
1730 4762 1812 4825 loca·

262 4874 343 4933 verit
367 4893 424 4933 seu
448 4874 613 4935 annuatim
638 4873 794 4935 colendos
818 4873 1010 4941 vendiderit,
1033 4875 1059 4936 is
1083 4875 1137 4954 qui
1162 4872 1255 4942 colet,
1290 4873 1431 4952 plebano
1455 4874 1486 4933 in
1513 4869 1706 4934 Clambowo
1729 4871 1812 4932 deci·

260 4998 345 5039 mam
371 4979 514 5041 totaliter
538 5000 650 5042 more
675 4981 819 5062 patrie
844 4979 1066 5061 manipulatim
1091 4980 1267 5060 persolvet.
1307 4977 1530 5060 Quasquidem
1556 4979 1754 5041 sentenciam
1779 4989 1811 5038 et

261 5105 378 5166 penam
403 5087 474 5163 ipse
491 5096 600 5165 partes
624 5089 860 5170 emologarunt,
887 5089 1092 5166 presentibus
1117 5085 1292 5168 magnificis
1317 5096 1350 5147 et
1366 5085 1608 5148 venerabilibus
1623 5086 1696 5148 dnis
1714 5084 1811 5145 Paulo

262 5193 301 5255 de
327 5193 547 5266 Radzonowo,
580 5193 724 5272 palatino
748 5194 920 5260 Belszensi.
954 5193 1179 5276 Dobrogostio
1211 5194 1251 5255 de
1276 5193 1485 5262 Nowodwor,
1518 5191 1695 5254 castellano
1720 5191 1811 5252 War·
1900 5175 1904 5183 ⁵

260 5300 454 5370 schoviensi,
487 5299 587 5361 Paulo
612 5300 654 5362 de
677 5299 838 5376 Golinino,
872 5303 1076 5363 decretorum
1101 5301 1247 5370 doctore,
1280 5301 1419 5380 plebano
1444 5301 1474 5359 iu
1500 5297 1694 5379 Noszylslm,
1718 5318 1811 5378 mgro

260 5405 389 5468 Thoma
413 5405 454 5467 de
471 5405 612 5480 Xansch,
636 5407 864 5470 archidiacono
888 5420 921 5470 et
946 5407 1075 5470 olhciali
1100 5407 1306 5476 Poltoviensi,
1332 5407 1428 5470 Petro
1452 5407 1493 5468 de
1517 5405 1718 5475 Radzimino,
1742 5424 1811 5466 can·

260 5513 389 5576 cellario
420 5515 507 5574 curie
540 5515 752 5596 episcopalis,
788 5514 932 5577 Stiborio
964 5515 1005 5578 de
1037 5515 1291 5579 Gosczanczicze
1323 5513 1547 5584 Plocensibus,
1580 5511 1739 5574 Michaele
1770 5511 1811 5572 de

260 5619 399 5698 Slupcza
421 5615 685 5693 Sandomiriensi,
718 5619 865 5702 Caspero
890 5620 1130 5684 Curzeloviensi
1154 5622 1317 5684 canonicis
1341 5632 1374 5682 et
1398 5640 1451 5682 me
1474 5617 1661 5682 Przecaslao
1686 5619 1812 5680 Nicolai

260 5729 300 5790 de
325 5726 492 5790 lanczewo
517 5729 652 5789 notario.

365 5856 422 5896 aar·
436 5857 595 5897 morannum.
610 5858 653 5897 111.
1690 5845 1704 5898 1
