4392 6672
894 681 987 731 ACTA
1007 680 1128 732 lUlllCll
1148 681 1285 732 ECCLES.
1306 679 1494 730 PLOCENsIS

1570 770 1656 778 —u
1761 769 1966 776 ....,,....

631 893 673 956 Α.
703 893 795 972 1464,
819 892 974 956 Octobris
998 911 1027 970 4.
1053 894 1084 955 in
1107 903 1217 956 castro
1240 891 1468 956 Polthoviensi.

523 999 588 1068 47.
620 1003 716 1084 (Acta
740 1003 837 1083 episc.
864 1001 920 1082 1)..
956 1001 990 1061 ln
1016 1003 1220 1082 presencia..
1252 1001 1307 1063 dni
1336 999 1468 1062 Stiborii
1502 1001 1538 1062 D.
1564 1021 1593 1080 g.
1619 1001 1764 1081 episcopi
1797 999 1970 1072 Plocensis,

417 1111 546 1190 meique
571 1111 687 1171 notarii
711 1119 745 1170 et
768 1110 897 1170 testium
923 1107 1207 1188 infrascriptorum,
1242 1107 1399 1169 discretus
1424 1106 1547 1176 Paulus,
1581 1119 1688 1168 rector
1719 1106 1857 1166 ecclesie
1882 1126 1971 1185 paro·

417 1214 527 1276 chialis
552 1217 582 1276 in
606 1215 791 1294 Borzyno..
820 1215 989 1276 confessus
1014 1225 1072 1286 est,
1104 1215 1192 1296 quod
1225 1214 1376 1275 littera
1408 1211 1615 1274 nobilium
1648 1214 1969 1292 terrigenarum

417 1321 653 1384 districtus
678 1323 942 1402 Wysnensis,
968 1321 1092 1383 decano
1117 1331 1150 1383 et
1175 1320 1322 1400 plebanis
1346 1319 1489 1382 eiusdem
1514 1321 1677 1382 districtus
1702 1321 1830 1399 scripta,
1855 1319 1895 1380 de
1920 1340 1973 1380 vo-

417 1429 540 1491 luntate
564 1451 622 1490 sua
645 1450 716 1491 cum
743 1428 811 1490 aliis
835 1427 983 1509 plebanis
1008 1430 1073 1490 dno
1097 1427 1266 1508 Episcopo
1291 1439 1341 1489 est
1367 1437 1561 1507 presentata,
1586 1428 1701 1505 inqua
1727 1439 1816 1488 certe
1840 1427 1971 1488 commi-

416 1538 569 1598 naciones
593 1558 693 1616 super
723 1536 1057 1597 contribucione
1090 1533 1306 1596 lertonunr
1340 1555 1400 1613 pro
1423 1535 1564 1596 tuicione
1597 1544 1681 1594 terre
1713 1535 1970 1596 continebantur.

416 1643 624 1704 Prcsentibus
649 1644 762 1704 honor.
788 1643 862 1703 vitis
886 1642 957 1704 dnis
981 1642 1079 1704 Petro
1103 1642 1144 1703 dc
1170 1641 1384 1720 Radzymino,
1409 1643 1568 1702 canonico
1593 1640 1739 1702 Plocensi
1765 1651 1798 1701 et
1823 1641 1969 1710 Nicola0,

417 1751 556 1830 plebano
580 1752 621 1812 de
646 1751 884 1830 Pyanthnycza,
910 1757 943 1810 et
960 1769 1012 1810 me
1037 1749 1132 1810 Petro
1157 1748 1197 1810 de
1225 1745 1366 1829 Galyny,
1392 1748 1534 1830 plebano
1558 1749 1589 1808 in
1609 1748 1860 1828 l'omnychowo.
1885 1759 1971 1808 acto·

417 1878 485 1918 rum
511 1858 646 1920 notario.

629 2050 670 2112 A.
701 2049 791 2130 1465,
816 2049 923 2112 Martii
948 2050 977 2120 6,
1001 2051 1033 2110 in
1057 2049 1252 2111 consistorio
1276 2047 1480 2110 Poltoviensi.

522 2169 586 2238 48.
611 2175 709 2250 (Acta
726 2172 810 2236 osstc.
837 2173 907 2252 113..
933 2173 967 2234 ln
984 2174 1083 2235 domo
1100 2193 1205 2236 vener.
1224 2174 1280 2234 viri
1297 2173 1351 2234 dni
1369 2175 1450 2255 mgri
1468 2171 1607 2244 Thome,
1631 2173 1778 2234 canonici
1796 2172 1969 2246 Plocensis,

416 2279 631 2342 archidiaconi
657 2293 689 2342 ct
706 2279 851 2342 officialis
877 2279 1147 2342 Polthoviensis..
1172 2281 1386 2360 personaliter
1410 2281 1607 2342 constitutus
1632 2279 1792 2342 discretus
1817 2279 1970 2342 Nicolaus

416 2387 457 2448 de
481 2385 636 2467 Chelchy‚
669 2387 829 2466 presbiter
853 2385 1018 2449 Plocensis
1042 2386 1187 2461 diocesis,
1214 2386 1340 2467 publice
1366 2388 1565 2466 recognovit,
1590 2389 1665 2466 quia
1689 2384 1810 2448 fructus
1835 2398 1867 2448 ct
1892 2387 1970 2448 utili·

415 2505 501 2556 tates
525 2495 661 2555 ecclesie
687 2495 716 2553 in
735 2494 845 2554 maiori
863 2491 1102 2574 Crzynowloga
1125 2495 1211 2574 apud
1234 2494 1345 2555 honor.
1361 2495 1460 2556 dnum
1479 2493 1658 2562 Nicolaum,
1684 2494 1858 2573 plebanum
1883 2494 1970 2554 dicte

416 2601 553 2663 ecclesie
576 2603 606 2661 in
626 2601 863 2680 Crzynorvloga
888 2599 1037 2662 videlicet
1062 2602 1205 2663 decimas
1229 2601 1445 2681 manipulares
1470 2611 1503 2662 et
1519 2602 1643 2682 canapi,
1669 2601 1852 2672 colandam,
1875 2601 1970 2662 dena·

415 2709 494 2768 rium
520 2729 544 2770 s.
569 2708 662 2788 Petri,
695 2707 904 2787 sepulturam,
928 2707 1127 2770 offertorium
1152 2727 1225 2768 cum
1251 2709 1319 2768 aliis
1345 2707 1555 2788 proventibus
1589 2707 1630 2768 ad
1656 2708 1774 2769 dictam
1799 2706 1969 2768 ecclesiam

415 2817 445 2875 in
471 2816 583 2876 maiori
608 2813 847 2894 Ctzynotvloga
872 2814 1118 2893 quomodolibet
1143 2813 1367 2892 spectantibus
1399 2834 1418 2874 a
1442 2813 1527 2875 festo
1555 2834 1579 2875 s.
1605 2813 1690 2874 Petri
1715 2834 1808 2892 prox.
1833 2824 1969 2875 venturo

415 2923 456 2984 ad
481 2921 564 2983 aliud
590 2921 705 2984 festum
731 2941 754 2982 s.
780 2921 867 2982 Petri
893 2941 949 3000 per
972 2921 1143 2982 decursum
1168 2921 1179 2981 l
1205 2925 1278 2982 anni
1305 2942 1364 3000 pro
1389 2920 1454 2983 XV
1479 2923 1653 3000 sexagenis
1670 2943 1716 3002 gr.
1742 2923 1772 2982 in
1791 2921 1904 2982 mediis
1922 2941 1968 2998 gr.

415 3029 589 3096 arendavit.
616 3049 697 3108 quas
722 3027 785 3090 XV
802 3048 986 3108 sexagenas
1010 3029 1096 3090 idem
1123 3031 1205 3091 dnus
1230 3027 1383 3090 Nicolaus
1407 3029 1594 3090 arendarius
1618 3049 1653 3090 se
1670 3029 1819 3090 submisit
1844 3027 1969 3088 solvere

415 3135 456 3196 lll
481 3155 663 3214 sexagenas
687 3137 728 3196 ad
753 3135 837 3196 diem
863 3135 1059 3196 dominicum
1078 3155 1179 3214 prox,
1205 3133 1237 3195 V
1254 3155 1437 3216 sexagenas
1462 3138 1503 3197 ad
1528 3137 1780 3216 priviumcarnis‚
1805 3134 1966 3194 residuum

414 3243 564 3305 videlicet
581 3241 643 3303 Vll
661 3262 844 3322 sexagenas
868 3243 910 3304 ad
926 3243 1044 3304 lestum
1069 3240 1306 3304 Penthecostes
1323 3263 1415 3322 prox.
1433 3243 1492 3304 sub
1510 3263 1594 3324 pena
1612 3243 1968 3304 excommunicacionis.

415 3347 501 3411 Casu
526 3357 642 3428 stante,
667 3349 755 3429 quod
779 3349 871 3422 absit,
897 3350 985 3430 quod
1010 3351 1035 3410 si
1060 3349 1146 3410 dicte
1171 3349 1296 3411 decime
1320 3347 1372 3410 vel
1395 3347 1502 3428 aliqua
1525 3369 1634 3411 earum
1661 3370 1718 3428 per
1735 3347 1861 3411 emulos
1884 3348 1969 3409 vide-

416 3457 490 3517 licet
514 3455 727 3516 Bohemos
760 3455 810 3516 vel
835 3455 1047 3517 Prutenos
1078 3463 1284 3516 vastarentur
1308 3467 1364 3519 aut
1388 3458 1413 3516 si
1437 3456 1609 3536 apparebit
1634 3456 1765 3535 aliquod
1790 3457 1967 3536 dampnum

414 3564 444 3623 in
469 3564 592 3624 eisdem
616 3563 758 3636 decimis,
783 3562 869 3623 idem
894 3564 976 3624 dnus
993 3561 1156 3632 Nicolaus,
1183 3562 1341 3642 plebanus
1365 3573 1398 3623 et
1414 3562 1607 3636 arendarius,
1632 3564 1914 3642 compromitteret
1936 3562 1968 3620 in

414 3669 440 3730 ll
465 3672 551 3732 vitos
575 3669 729 3750 parochie
752 3669 843 3742 illius,
868 3669 922 3749 qui
946 3669 1088 3749 dampna
1112 3669 1268 3731 videbunt
1292 3679 1325 3730 et
1348 3670 1516 3744 taxabant,
1541 3669 1628 3750 quod
1653 3669 1679 3730 si
1703 3669 1788 3731 absit
1812 3689 1870 3749 per
1894 3685 1969 3728 suos

418 3777 632 3854 parochianos
656 3785 869 3850 vastarentur,
901 3775 984 3838 dnus
1009 3775 1162 3838 Nicolaus
1187 3776 1346 3857 plebanus
1370 3776 1410 3838 ad
1435 3775 1612 3857 dampnum
1638 3777 1877 3856 suscipiendum
1904 3795 1968 3836 non

413 3883 585 3952 tenebitur,
610 3884 667 3944 sed
685 3883 754 3963 ipse
780 3881 966 3944 arendarius
983 3884 1013 3943 in
1031 3883 1109 3962 ipsis
1128 3883 1193 3943 iure
1210 3884 1324 3944 lucrari
1341 3883 1482 3944 debebit.
1506 3882 1659 3945 Ceterum
1677 3883 1762 3944 idem
1780 3884 1862 3943 dnus
1879 3901 1968 3944 aren·

413 3989 520 4052 darius
545 3990 694 4052 submisit
718 4011 753 4052 se
778 3991 856 4052 dare
880 3991 1015 4052 staciam
1040 4011 1099 4070 per
1124 3991 1152 4052 ΙΙ
1177 3993 1376 4071 septimanas
1401 3992 1432 4051 in
1457 3990 1484 4051 ll
1510 3993 1636 4071 equis..

627 4182 669 4244 A.
699 4185 789 4263 1465,
815 4182 940 4264 Aprilis
966 4186 1015 4255 26,
1040 4186 1070 4244 in
1097 4185 1291 4246 consistorio
1316 4181 1524 4246 Poltoviensi.

519 4304 583 4372 49.
608 4308 706 4386 (Acta
731 4307 814 4368 offic.
840 4309 884 4390 ΙΙ).
909 4309 945 4372 In
971 4329 1067 4371 causa
1092 4309 1209 4372 nobilis
1232 4309 1450 4390 Margarethe,
1480 4307 1542 4370 filie
1566 4308 1700 4372 Andree
1723 4309 1766 4371 de
1791 4307 1967 4382 Grab0t'v0,

413 4437 485 4478 curn
511 4415 611 4477 nobili
635 4413 779 4476 iohanne
803 4413 844 4476 de
869 4413 1084 4488 Ostaschevo,
1109 4417 1225 4478 nobilis
1251 4415 1410 4488 Andreas,
1437 4425 1530 4496 pater
1553 4435 1638 4484 suus,
1664 4417 1793 4477 nomine
1818 4437 1966 4496 procura·

413 4526 497 4587 torio
522 4521 584 4584 filie
601 4543 659 4583 sue
684 4525 864 4602 proposuit,
890 4522 977 4602 quod
1003 4524 1073 4604 ipse
1092 4523 1250 4586 lohannes
1275 4523 1486 4604 desponsavit
1511 4524 1629 4584 dictam
1647 4523 1891 4604 Margaretharn
1909 4544 1968 4606 per

414 4631 630 4711 presbiterum
663 4641 696 4689 et
721 4631 959 4692 matrimonium
985 4649 1057 4691 cum
1083 4651 1121 4692 ea
1145 4651 1210 4692 non
1235 4631 1302 4694 vult
1327 4649 1520 4694 consumare
1553 4641 1586 4694 et
1610 4633 1640 4692 in
1666 4633 1822 4710 expensis
1846 4632 1965 4692 damni-

413 4738 521 4800 srcavit
545 4737 648 4818 ipsam
674 4756 746 4796 cum
772 4757 812 4797 eo
835 4737 876 4796 ad
900 4735 947 4798 Vl
972 4737 1049 4812 flor,
1078 4739 1194 4818 petivit
1219 4738 1315 4818 igitur
1339 4737 1443 4820 ipsum
1469 4737 1618 4818 compelli
1642 4739 1683 4799 ad
1708 4737 1964 4800 consumandum

412 4846 652 4906 matrimonium
678 4853 710 4905 et
735 4843 775 4902 ad
800 4843 1000 4906 solucionem
1026 4845 1143 4907 damni.
1169 4845 1221 4907 lix
1245 4845 1383 4907 adverso
1408 4845 1524 4908 nobilis
1548 4845 1708 4908 lohannes
1732 4847 1900 4908 confessus
1917 4857 1967 4908 est

412 4954 579 5032 sponsalia
603 4968 676 5010 cum
703 4951 774 5029 ipsa
798 4950 1015 5032 Margaretha,
1040 4952 1098 5013 sed
1123 4953 1197 5032 quia
1222 4965 1347 5031 pater
1371 4973 1471 5014 suus
1502 4974 1582 5016 non
1608 4955 1698 5016 vult
1728 4953 1883 5033 palium
1908 4973 1967 5014 va-

412 5059 502 5120 lens
535 5058 572 5118 ei
602 5077 870 5136 comparare,
905 5059 979 5120 ideo
1003 5059 1110 5120 differt
1134 5080 1326 5122 consumare
1355 5062 1603 5122 matrimonium.
1643 5061 1685 5122 Et
1710 5061 1828 5122 ibidem
1852 5061 1966 5123 honor.

411 5167 494 5228 dnus
518 5163 668 5236 Mathias,
693 5163 854 5244 plebanus
878 5165 908 5226 in
935 5165 1065 5236 Zelona,
1089 5166 1258 5229 confessus
1282 5177 1340 5239 est,
1365 5167 1452 5246 quod
1477 5187 1535 5229 eos
1551 5169 1765 5248 desponsavit
1781 5167 1830 5229 his
1847 5168 1966 5230 verbis:

413 5271 573 5333 lohannes
597 5270 741 5350 spondes
765 5280 799 5332 tu
824 5271 1081 5352 Margaretham;
1099 5309 1139 5317 -—
1156 5273 1209 5334 ille
1232 5273 1415 5354 respondit:
1439 5271 1610 5353 Spondeo;
1634 5283 1667 5334 et
1691 5275 1837 5336 similiter
1860 5272 1966 5354 puella

410 5379 500 5439 dixit.
524 5377 583 5438 His
607 5375 723 5438 auditis
747 5386 780 5438 et
804 5379 937 5441 attentis
959 5378 1042 5441 dnus
1066 5381 1207 5442 decanus
1230 5379 1336 5442 locum
1361 5391 1478 5442 tenens
1502 5380 1554 5442 dni
1581 5379 1765 5444 Officialis„
1791 5403 1848 5461 per
1873 5401 1963 5442 suam

411 5487 613 5546 sentenciam
638 5481 804 5546 mandavit
829 5485 917 5546 dicto
942 5487 1039 5548 nobili
1064 5487 1198 5548 Iohanni
1223 5507 1296 5548 cum
1322 5488 1392 5568 ipsa
1408 5487 1619 5569 Margaretha
1643 5507 1835 5550 consumare
1860 5489 1966 5550 matri-

411 5593 554 5654 monium
578 5589 661 5651 insra
684 5588 758 5651 hinc
783 5603 815 5653 et
840 5591 956 5654 festum
982 5593 1194 5656 Pethecostes
1220 5613 1311 5673 prox.
1337 5595 1397 5656 sub
1422 5616 1507 5675 pena
1531 5597 1886 5658 excommunicationis.
1923 5594 1966 5658 Et

411 5697 528 5759 ibidem
555 5700 586 5758 in
611 5698 744 5758 instanti
767 5695 871 5761 dictus
897 5700 1012 5762 nobilis
1037 5699 1198 5766 lohannes
1226 5701 1327 5762 verbo
1352 5700 1529 5781 appellavit
1561 5703 1602 5764 ad
1626 5703 1724 5765 dnum
1751 5702 1966 5784 Episcopurm
