4392 6672
809 661 988 716 ANNORUM
1007 659 1193 718 rtet-1486.
1735 683 1773 749 55

538 753 805 761 ---.·—.-—.--—-
850 757 937 762 ‘..---
1465 759 1648 766 ——--=--.—..--
1674 762 1717 766 -.-

219 874 367 948 decimet,
385 876 468 936 sicut
483 874 534 936 alii
551 876 701 936 advocati
719 887 751 940 et
764 897 856 940 more
872 877 1006 940 aliorum
1024 879 1054 942 in
1074 882 1277 960 episcopatu.
1293 877 1490 966 dictos[que]
1507 882 1656 946 homines
1674 883 1775 963 ipsius

219 979 371 1042 advocati
394 981 436 1044 ad
459 982 659 1044 solucionem
683 994 737 1062 rep
761 983 926 1064 compulit,
952 996 1094 1066 excepta
1118 987 1243 1048 decima
1267 985 1331 1070 lini,
1363 1007 1461 1066 super
1485 1008 1550 1069 qua
1573 991 1656 1052 dnus
1681 989 1772 1068 Epis·

219 1105 322 1168 copus
345 1087 413 1150 vult
436 1087 562 1168 plenius
586 1089 749 1152 edoceri..

432 1281 474 1344 A.
505 1281 594 1358 1486,
619 1282 697 1344 Iunii
723 1300 773 1356 21,
797 1285 830 1346 in
854 1283 1021 1348 Poltowsk
1045 1287 1187 1348 incuria
1211 1287 1399 1368 episcopali.

328 1400 414 1472 147.
446 1405 545 1486 (Acta
568 1409 666 1486 episc.
691 1407 779 1487 111)..
812 1406 931 1472 Coram
956 1410 1077 1472 Rmo..
1100 1409 1166 1472 dno
1191 1411 1287 1474 Petro
1322 1411 1360 1474 D.
1386 1433 1416 1491 g.
1441 1413 1600 1494 episcopo
1624 1412 1772 1476 Plocensi

219 1522 407 1574 contractus
430 1514 547 1576 inter..
573 1512 657 1577 dnos
681 1513 814 1576 Paulum
838 1515 879 1578 de
904 1515 1042 1598 Lyczky
1066 1515 1327 1579 archidiaconum
1352 1518 1594 1580 Poltoviensem
1619 1519 1773 1582 cancella·

218 1619 298 1678 rium
323 1619 552 1700 episcopalem,
578 1619 754 1690 Iohannem
781 1622 953 1703 plebanum
978 1635 1011 1686 et
1029 1623 1205 1686 Iohannem
1224 1625 1337 1688 Coszel
1363 1627 1405 1686 de
1421 1624 1607 1706 [ampyeze
1625 1627 1771 1688 vitricum

219 1726 353 1788 ecclesie
377 1729 408 1788 in
432 1726 590 1806 Vinycza,
615 1748 657 1789 ex
681 1747 753 1804 una,
786 1740 818 1790 et
843 1729 1013 1810 providum
1041 1730 1168 1792 Petrum
1193 1729 1290 1792 hlium
1315 1734 1396 1811 mgri
1422 1731 1574 1793 lobannis
1598 1734 1773 1794 muratoris

218 1830 258 1893 de
283 1833 493 1914 Przasnysch,
527 1853 570 1896 ex
594 1831 695 1896 altera
727 1835 883 1916 partibus,
916 1855 1016 1916 super
1045 1839 1202 1899 mutanda
1234 1839 1371 1900 ecclesia
1402 1830 1432 1900 in
1458 1838 1545 1900 dicta
1568 1838 1716 1918 Vinycza
1741 1842 1772 1902 in

218 1938 302 2002 hunc
333 1941 466 2002 modum
499 1940 603 2004 iactus
636 1941 794 2012 videlicet,
830 1943 918 2024 quod
950 1946 1021 2024 ipse
1045 1944 1159 2006 Petrus
1191 1959 1336 2006 murator
1371 1965 1431 2024 pro
1466 1965 1525 2006 suo
1566 1947 1684 2008 salario
1716 1965 1773 2008 seu

219 2047 326 2128 precio
357 2046 457 2110 debet
480 2045 602 2110 habere
627 2045 720 2110 CXX
745 2069 930 2130 sexagenas
962 2051 992 2112 in
1018 2050 1130 2111 mediis
1154 2072 1208 2130 gr,
1241 2053 1296 2132 qui
1324 2052 1423 2114 debet
1456 2052 1598 2114 laborem
1630 2053 1772 2132 incipere

218 2155 259 2216 ab
284 2157 421 2236 antiquo
452 2175 544 2217 muro
576 2164 610 2217 et
635 2153 809 2217 reformare
840 2175 967 2217 murum
998 2159 1168 2237 antiquum
1199 2159 1285 2220 intus
1318 2169 1352 2220 et
1374 2170 1478 2231 extra,
1515 2159 1567 2220 ubi
1591 2179 1675 2238 opus
1699 2160 1772 2238 erit;

217 2263 295 2322 item
320 2261 421 2324 debet
445 2262 552 2324 lacere
576 2261 711 2324 chorum
735 2283 807 2324 cnm
832 2263 1023 2326 testitudine
1047 2275 1079 2326 et
1103 2265 1269 2340 dealbare;
1293 2267 1370 2328 item
1395 2266 1575 2326 sacristiam
1600 2277 1771 2346 utramque

217 2387 288 2429 cum
312 2367 572 2445 testitudinibus;
595 2371 673 2430 item
699 2371 730 2429 in
754 2379 892 2450 utroque
916 2369 1016 2432 latere
1039 2370 1139 2434 debet
1163 2369 1269 2434 lacere
1295 2373 1501 2434 testitudines
1525 2382 1558 2436 et
1584 2393 1641 2434 eas
1665 2373 1770 2434 sol-rm

217 2475 383 2552 dealbare;
414 2477 493 2538 item
519 2477 677 2556 porticum
712 2496 772 2556 pro
796 2477 994 2558 pauperibus
1025 2487 1103 2540 ante
1127 2479 1230 2540 maius
1254 2479 1396 2540 hostiurn
1429 2479 1552 2558 absque
1581 2479 1771 2542 testitudine

216 2591 250 2643 et
275 2600 399 2644 murum
424 2602 551 2644 sursum
575 2583 701 2664 erigere
725 2593 759 2646 et
783 2603 918 2654 murare,
944 2585 1027 2646 sicut
1051 2585 1146 2648 bonis
1169 2585 1354 2647 hominibus
1379 2584 1553 2660 videbitur;
1575 2587 1652 2648 item
1670 2587 1773 2667 parie-

215 2698 282 2750 tem
306 2687 482 2769 vulgariter
503 2689 593 2764 scyta
618 2710 716 2770 supra
740 2689 881 2752 hostium
909 2693 1010 2752 maius
1033 2690 1206 2754 honestum
1231 2704 1264 2754 et
1288 2691 1557 2772 compendiosum
1584 2687 1771 2776 [tenebitur]

216 2815 341 2857 murare
373 2807 406 2858 et
430 2796 599 2873 decorare;
630 2797 707 2858 item
740 2797 882 2877 quinque
906 2795 1019 2860 altaria
1051 2817 1188 2871 murare,
1219 2809 1253 2862 et
1278 2799 1399 2870 debent
1433 2800 1493 2860 sibi
1503 2847 1576 2860 .....
1599 2798 1646 2860 IV
1671 2808 1771 2860 tunne

215 2904 349 2964 cervisie
375 2901 604 2978 Poltoviensis;
634 2906 714 2966 item
739 2905 848 2966 omnia
880 2913 913 2966 et
937 2904 1063 2984 singula
1087 2908 1311 2984 suprascripta
1341 2904 1649 2984 debetadimplere,
1681 2906 1771 2966 dnm·

216 3009 315 3070 modo
339 3029 404 3070 non
421 2999 605 3092 negligatur
631 3012 660 3070 in
680 3011 822 3085 materia,
848 3011 908 3074 sub
925 3012 1069 3074 censuris
1093 3011 1333 3088 ecclesiasticis;
1362 3011 1507 3074 similiter
1531 3013 1592 3074 sibi
1616 3013 1770 3092 pecunias

215 3115 275 3177 sub
300 3116 446 3178 censuris
469 3117 511 3178 ad
535 3115 680 3178 laborem
705 3117 827 3180 debent
851 3115 978 3180 solvere
1001 3127 1034 3180 et
1059 3118 1268 3180 extradere..

430 3307 470 3370 A.
502 3309 592 3384 1486,
617 3305 824 3389 Septembris
849 3325 899 3388 29,
925 3311 956 3370 in
981 3308 1168 3372 Czerwinsk
1191 3311 1223 3372 in
1247 3314 1334 3373 curia
1358 3312 1546 3394 episcopali.

326 3428 412 3498 148.
436 3433 536 3513 (Acta
553 3436 652 3514 episc.
676 3433 762 3509 llll..
788 3432 940 3496 Coram..
965 3435 1030 3495 dno
1047 3433 1143 3496 Petro
1162 3433 1201 3496 D.
1218 3455 1247 3513 g.
1265 3436 1423 3516 episcopo
1441 3435 1595 3506 Plocensi‚
1621 3435 1769 3498 Mazovie

214 3537 438 3600 cancellario..
462 3540 494 3600 in
511 3559 609 3602 causa
626 3541 743 3602 nobilis
759 3541 813 3602 dni
830 3540 956 3602 Nicolai
974 3541 1015 3603 de
1031 3539 1231 3622 Borovycze,
1255 3561 1451 3622 comparens
1475 3541 1592 3604 nobilis
1609 3541 1770 3604 lohannes

216 3644 361 3727 Koszyel
392 3645 626 3728 Lampyczsky
649 3657 871 3726 procurator..
897 3650 996 3729 ipsius
1027 3647 1166 3718 Nicolai,
1201 3667 1243 3708 ex
1275 3668 1353 3720 una,
1388 3650 1436 3710 ius
1467 3650 1534 3710 sive
1566 3649 1768 3728 privilegium

215 3771 395 3814 consensus
419 3755 597 3816 advocacie
621 3756 690 3818 sive
713 3755 852 3818 lemanie
876 3754 922 3816 lV
938 3773 1125 3817 mansorum
1152 3773 1301 3817 mensure
1320 3753 1502 3816 Culmensis
1525 3758 1555 3816 in
1573 3753 1768 3818 Sczuthowo

214 3859 468 3938 perhonestum
493 3859 626 3921 Paulum
659 3862 700 3922 de
724 3859 894 3940 Grambky
920 3872 1069 3940 patruum
1094 3862 1170 3923 dicti
1195 3861 1320 3922 Nicolai
1352 3875 1463 3940 empte
1488 3861 1635 3924 exhibuit
1666 3873 1699 3924 et
1724 3883 1768 3924 re·

214 3967 331 4046 posuit,
368 3968 481 4046 vigore
505 3969 595 4028 cuius
626 3969 764 4030 asseruit
796 3967 965 4030 Nicolaum
998 3988 1109 4030 verum
1135 3987 1207 4030 esse
1232 3968 1387 4030 heredem
1419 3969 1506 4030 dicte
1537 3969 1676 4030 lemanie
1709 3989 1767 4050 per

214 4075 462 4146 successionem,
500 4083 617 4154 petens
641 4073 701 4136 sibi
726 4074 900 4136 adiudicari
933 4086 966 4136 et
991 4075 1144 4136 mandare
1176 4077 1300 4138 restitui
1333 4074 1479 4150 eandem,
1516 4084 1633 4156 petens
1665 4077 1766 4136 eciam

213 4190 341 4259 partem
366 4180 536 4242 adversam
570 4182 642 4262 cogi
667 4179 708 4244 ad
732 4181 983 4244 exhibendum..
1009 4183 1183 4264 privilegia,
1216 4185 1240 4242 si
1266 4202 1329 4262 que
1353 4182 1462 4252 habet,
1492 4182 1610 4261 ,quibus
1634 4183 1767 4245 doceret

214 4307 249 4348 se
275 4307 385 4349 verum
410 4305 493 4356 esse
509 4305 734 4365 possessorem
766 4289 854 4350 dicte
878 4289 1022 4350 lemanie.
1063 4289 1200 4351 Provido
1226 4289 1320 4351 Petro
1355 4289 1485 4350 nomine
1510 4289 1632 4351 Mathie
1665 4289 1767 4368 patris

213 4395 259 4455 sui
284 4404 439 4473 tanquam
465 4395 636 4456 coniuncte
661 4415 808 4475 persone,
842 4395 988 4474 partibus
1019 4395 1061 4456 ab
1084 4395 1194 4466 altera,
1219 4397 1371 4458 advocati
1401 4398 1433 4457 in
1458 4398 1547 4458 dicto
1570 4394 1766 4458 Sczuthowo

213 4511 413 4579 conparente
445 4511 478 4562 et
501 4501 678 4564 exhibente
711 4500 913 4582 privilegium
946 4502 1060 4564 ducale
1091 4522 1149 4566 sue
1174 4505 1275 4582 prime
1299 4504 1488 4564 donacionis
1519 4503 1605 4564 dicte
1631 4503 1766 4565 lemanie

213 4606 453 4690 alleganteque.
478 4609 567 4690 quod
591 4611 692 4689 ipsius
716 4611 854 4672 lemanie
878 4620 971 4689 pater
987 4631 1064 4672 suus
1087 4609 1204 4672 aXIV
1220 4613 1344 4671 annis..
1369 4621 1420 4673 est
1437 4629 1609 4690 possessor
1626 4629 1765 4689 eamque

213 4717 297 4777 iusto
322 4715 419 4776 titulo
443 4716 622 4796 empcionis
646 4726 738 4778 tenet
762 4726 795 4778 et
819 4717 974 4796 possidet,
999 4717 1154 4798 quodque
1177 4736 1277 4798 agros
1298 4717 1331 4776 in
1348 4718 1420 4795 ipsa
1444 4717 1664 4778 consistentes
1689 4726 1764 4795 post

213 4821 343 4897 bellum,
368 4823 458 4903 quod
482 4819 596 4886 Srmus
620 4824 806 4904 princeps..
831 4824 914 4886 dnus
937 4822 1119 4886 Kazimirus
1143 4823 1182 4886 D.
1199 4845 1230 4904 g.
1253 4843 1313 4884 rex
1338 4821 1469 4886 Polonie
1493 4843 1564 4884 curn
1591 4820 1763 4884 Cruciien's

5 4989 6 5008 ,
105 5007 108 5011 Ι
211 4928 336 5001 babuit,
363 4929 431 4992 sere
449 4941 482 4992 et
499 4931 591 5010 quasi
608 4931 753 4993 denovo
770 4931 951 5011 extirparet
976 4941 1009 4992 et
1025 4932 1065 4993 ad
1083 4930 1240 4993 culturam
1265 4929 1428 5010 redigeret
1451 4931 1631 5008 domusque
1647 4930 1678 4988 in
1694 4931 1767 5008 ipsa

212 5037 430 5100 consistentes
455 5051 630 5116 repararet,
656 5048 773 5116 petens
796 5055 889 5098 suum
914 5039 1096 5117 genitorem
1123 5035 1285 5116 pacisrcari
1309 5037 1444 5098 indicta
1469 5036 1649 5098 advocatia.
1675 5035 1766 5096 Dnus

212 5155 320 5205 autem
344 5143 481 5206 Rmus..
506 5145 731 5224 cognicionem
764 5144 948 5206 huiusmodi
971 5146 1132 5225 negocii..
1156 5145 1197 5204 ad
1222 5145 1396 5206 adventum
1425 5163 1517 5204 suum
1542 5140 1668 5204 felicem
1694 5161 1765 5218 pro-

212 5251 335 5312 ximum
360 5251 391 5316 in
417 5249 548 5316 Gorzno
573 5249 696 5314 distulit
720 5261 754 5314 et
778 5250 982 5331 suspendit..

423 5441 464 5504 A.
495 5441 585 5520 1486,
611 5443 808 5505 Novembris
834 5445 885 5518 28,
908 5445 939 5504 in
964 5441 1131 5504 Poltowsl·
1157 5445 1187 5504 in
1214 5445 1300 5503 curia
1325 5441 1511 5522 episcopali.

323 5561 409 5632 149.
434 5565 532 5648 (Acta
556 5568 655 5650 episc.
680 5566 769 5646 llll..
793 5566 865 5647 Ego
880 5566 999 5628 Paulus
1016 5567 1057 5628 de
1076 5566 1235 5630 Clukowo
1259 5569 1434 5630 canonicus
1459 5566 1675 5628 Poltoviensis
1692 5585 1764 5646 pro-

212 5671 304 5734 fiteor
327 5675 470 5754 presenti
486 5675 618 5754 scripto,
644 5675 732 5754 quod
750 5675 775 5735 si
793 5694 921 5736 exnunc
946 5686 978 5736 et
995 5677 1026 5734 in
1044 5686 1140 5738 antea
1156 5686 1305 5754 repertus
1331 5672 1420 5734 fuero
1437 5675 1571 5752 obloqui
1589 5694 1762 5753 personam
