4392 6672
420 671 462 750 43
895 671 988 720 acra
1007 671 1130 722 ruorcn
1149 670 1285 722 accuse.
1307 670 1495 722 enocensrs

422 903 575 968 propono
605 893 639 946 et
663 883 735 946 dico
768 891 801 945 et
833 885 859 944 si
885 893 1038 964 negatum
1072 883 1175 956 suerit,
1207 883 1347 964 probare
1377 883 1521 956 intendo,
1558 883 1746 965 quodlicet
1777 885 1974 947 usuraria

422 991 618 1072 pravitas
652 989 782 1052 cuilibet
815 991 999 1072 precipitur,
1035 989 1138 1053 solum
1172 1001 1282 1053 tamen
1315 990 1421 1054 iudeis
1452 1002 1485 1054 et
1517 1011 1581 1053 non
1614 990 1881 1054 Christilidelibus
1905 1011 1974 1073 gra·

422 1097 500 1160 data
535 1107 569 1160 et
604 1099 788 1159 successiva
818 1094 1016 1168 conceditur,
1053 1107 1086 1158 ut
1117 1098 1148 1156 in
1180 1096 1317 1158 rubrica:
1353 1097 1464 1168 Extra,
1502 1097 1551 1158 De
1583 1098 1698 1172 Iudeis,
1722 1131 1765 1142 -
1796 1119 1814 1159 a
1846 1097 1973 1160 forciori

422 1203 732 1270 aChristifidelibus
756 1214 912 1284 tanquam
937 1205 1039 1283 pestis
1062 1223 1172 1264 amara
1196 1201 1295 1266 debet
1319 1205 1432 1266 evitari
1457 1205 1586 1285 penitus
1609 1215 1643 1267 et
1668 1205 1842 1286 profligari.
1872 1215 1907 1265 ut
1930 1215 1975 1266 te-

423 1323 528 1375 statur
550 1309 650 1374 Sacra
673 1310 805 1392 pagina:
836 1320 981 1372 mutuum
1007 1309 1123 1372 dantes
1154 1321 1187 1372 et
1210 1309 1305 1372 nichil
1330 1311 1404 1372 inde
1429 1323 1568 1392 sperate.
1594 1347 1634 1358 —
1659 1321 1692 1374 et
1716 1310 1975 1394 psalmigrapho:

423 1418 476 1499 qui
501 1419 670 1499 pecuniam
695 1435 786 1478 suam
811 1435 876 1478 non
894 1415 1017 1478 addidit
1041 1415 1083 1478 ad
1106 1435 1234 1478 usuram
1260 1426 1329 1491 etc,
1354 1419 1408 1497 qui
1433 1416 1509 1480 iacit
1533 1419 1603 1489 hec,
1629 1439 1694 1482 non
1717 1418 1975 1482 commovebitur

423 1525 455 1587 in
478 1533 636 1586 eternum.
675 1522 746 1585 Hiis
770 1543 847 1584 vero
872 1543 936 1586 non
961 1524 1103 1594 attentis,
1133 1543 1245 1604 ymmo
1270 1525 1472 1604 parvipensis
1504 1525 1620 1590 nobilis
1644 1525 1751 1589 Lucas
1779 1527 1819 1588 de
1846 1525 1975 1604 ltostky

424 1631 535 1714 paucis
558 1627 751 1708 capitalibus
777 1630 929 1708 pecuniis,
963 1641 1040 1708 puta
1066 1630 1098 1691 V
1122 1631 1304 1710 sexagenis,
1338 1631 1437 1694 nobili
1464 1633 1539 1695 Ade
1563 1633 1604 1694 de
1630 1632 1761 1696 Katbne
1786 1653 1845 1714 per
1869 1633 1974 1714 ipsum

424 1741 457 1800 in
480 1748 627 1800 mutuum
652 1737 899 1799 communicatis
923 1757 941 1796 a
965 1735 1068 1797 tribus
1091 1737 1183 1798 annis
1207 1738 1270 1799 iam
1295 1736 1415 1818 elapsis
1439 1737 1481 1800 ab
1498 1741 1571 1820 ipso
1595 1740 1694 1802 nobili
1718 1739 1828 1802 Adam
1853 1743 1976 1818 recepit

424 1845 565 1907 usurarie
590 1853 658 1906 tres
681 1863 864 1924 sexagenas
887 1863 907 1902 a
930 1841 1084 1922 predictis
1109 1841 1139 1905 V
1163 1846 1337 1926 sexagenis
1360 1845 1465 1925 ipsum
1491 1847 1634 1908 usurarie
1658 1845 1920 1928 dampnificando
1943 1855 1976 1906 et

424 1953 528 2029 ipsam
553 1969 680 2014 usuram
706 1970 766 2030 pro
790 1948 877 2011 nullo
901 1951 1033 2012 crimine
1057 1950 1279 2031 ponderando,
1304 1971 1376 2012 cum
1394 1963 1502 2016 tamen
1528 1956 1598 2034 ipsa
1623 1973 1717 2016 usura
1740 1954 1880 2016 animam
1905 1971 1976 2014 usu·

425 2059 498 2121 rarii
522 2057 598 2122 sune
621 2057 765 2120 infernali
791 2055 901 2138 alligat
932 2067 965 2118 et
989 2057 1154 2136 alligatam
1187 2057 1309 2120 tamdiu
1334 2059 1468 2130 detinet,
1501 2059 1607 2121 donec
1640 2059 1790 2122 fraudato
1821 2059 1862 2122 ad
1887 2059 1977 2122 satis-

426 2165 602 2230 faccionem
636 2166 835 2246 pervenitur;
867 2185 967 2244 quare
990 2167 1122 2226 nomine
1148 2165 1406 2242 procuratorio..
1438 2175 1517 2246 peto
1541 2168 1646 2248 ipsum
1679 2166 1821 2229 nobilem
1853 2166 1975 2228 Lucam

426 2273 576 2354 compelli
601 2272 642 2334 ad
667 2271 868 2334 reddendum
892 2272 972 2332 alias
995 2271 1035 2333 ad
1054 2271 1244 2334 solvendum
1269 2283 1335 2335 tres
1351 2293 1534 2354 sexagenas
1559 2295 1617 2354 per
1637 2275 1742 2354 ipsum
1768 2293 1786 2334 a
1811 2273 1899 2334 dicto
1923 2291 1977 2332 no

425 2379 478 2441 bili
504 2378 614 2441 Adam
638 2379 684 2440 sic
708 2379 849 2442 usurarie
878 2389 1036 2458 receptas,
1071 2377 1160 2440 dicto
1184 2379 1281 2442 nobili
1307 2378 1384 2442 Ade
1417 2379 1537 2442 Vestre
1562 2379 1827 2444 venerabilitatis
1852 2380 1977 2442 iusticia

426 2506 557 2566 semper
579 2485 677 2562 salva,
702 2495 736 2548 et
761 2494 961 2566 protestatur
985 2486 1026 2546 de
1050 2488 1205 2566 expensis
1229 2487 1261 2547 in
1287 2485 1342 2548 lite
1366 2485 1492 2548 factis..

639 2677 680 2742 Α.
711 2681 801 2760 1478,
826 2679 950 2760 Aprilis
974 2693 1025 2752 22,
1050 2681 1080 2740 in
1105 2679 1299 2742 consistorio
1323 2677 1552 2742 Polthoviensi.

537 2799 625 2870 127.
656 2804 755 2885 (Acta
779 2803 860 2866 oilie.
884 2803 950 2885 IV).
991 2804 1025 2865 ln
1049 2823 1146 2865 causa
1171 2803 1283 2866 honor.
1307 2802 1483 2875 Slawoslai.
1518 2805 1647 2886 plebani
1673 2808 1704 2866 in
1730 2803 1871 2887 Vangra.
1904 2823 1977 2866 cum

427 2913 664 2994 circumspecto
687 2910 826 2974 Nicolao
850 2909 1000 2993 Pobyek,
1032 2910 1199 2990 oppidano
1223 2913 1254 2972 in
1279 2909 1477 2986 Poltowsko,
1511 2931 1590 2992 mgr.
1617 2911 1728 2974 Petrus
1752 2913 1884 2974 nomine
1907 2931 1979 2992 pro·

427 3021 592 3082 curatorio
622 3016 753 3099 plebani
784 3017 815 3079 in
840 3015 971 3097 Vangra
1004 3017 1177 3098 proposuit
1207 3027 1322 3080 contra
1355 3019 1468 3079 laicum
1504 3039 1563 3099 pro
1587 3041 1637 3092 eo,
1673 3021 1747 3100 quia
1776 3019 1852 3080 dum
1876 3019 1979 3080 tenuit

429 3145 576 3188 mansum
601 3125 781 3206 obligatum
805 3145 824 3186 a
848 3123 990 3206 plebano
1015 3125 1044 3184 in
1070 3123 1302 3188 Strachoczino
1327 3127 1356 3186 in
1382 3124 1429 3186 lV
1453 3127 1636 3206 sexagenis,
1660 3135 1782 3188 extunc
1807 3123 1889 3188 ultra
1915 3145 1979 3186 sor-

429 3243 495 3296 tem
520 3232 706 3313 principalis
738 3233 875 3314 pecunie
906 3233 1046 3294 extorsit
1077 3232 1119 3292 ab
1143 3251 1184 3293 eo
1208 3233 1351 3294 usurarie
1382 3251 1498 3294 census
1531 3231 1613 3294 inira
1635 3229 1682 3294 VI
1706 3251 1810 3294 annos
1834 3229 1979 3312 quolibet

430 3359 515 3402 anno
539 3359 597 3420 per
620 3338 699 3402 XXl
722 3359 778 3420 gr..
809 3340 979 3402 extimavit
1002 3359 1162 3402 summam
1187 3341 1229 3402 ad
1254 3341 1295 3402 lII
1319 3361 1505 3422 sexagenas
1529 3361 1601 3402 cum
1627 3339 1676 3404 Vl
1700 3361 1755 3420 gr..
1784 3341 1916 3420 insuper
1940 3339 1979 3400 la·

430 3447 527 3510 bores
550 3446 631 3510 inira
655 3467 716 3509 sex
739 3465 843 3510 annos
867 3467 964 3510 unum
988 3445 1072 3510 diem
1097 3447 1230 3528 singulis
1254 3450 1453 3530 septimanis,
1477 3446 1656 3530 quemlibet
1671 3445 1754 3508 dixit
1770 3445 1877 3506 valere
1893 3443 1907 3506 Ι
1923 3465 1981 3524 gr,

430 3573 527 3616 aneas
551 3553 630 3616 inira
655 3554 761 3616 dictos
785 3551 832 3616 VI
850 3573 960 3626 annos,
986 3553 1165 3636 quamlibet
1189 3555 1271 3618 dixit
1294 3551 1425 3640 [valere]
1451 3575 1547 3616 unum
1569 3553 1779 3628 medientem;
1803 3550 1902 3614 XXX
1919 3571 1979 3613 ova

431 3661 563 3742 singulis
587 3663 686 3737 annis,
719 3660 745 3722 ll
771 3660 875 3740 gallos
898 3663 1033 3744 singulis
1056 3664 1157 3729 annis.
1189 3663 1359 3725 extimavit
1383 3662 1443 3724 hec
1467 3661 1574 3722 omnia
1600 3660 1640 3722 ad
1664 3659 1804 3722 mediam
1830 3669 1979 3722 octavam

430 3787 630 3852 sexagenam
655 3769 760 3830 minus
784 3767 830 3829 lV
853 3789 910 3850 gr„
942 3777 1059 3849 petens
1083 3768 1234 3850 compelli
1258 3770 1298 3831 ad
1322 3771 1523 3832 solucionem
1549 3769 1691 3829 usurarie
1715 3776 1979 3848 perceptorum..

645 3961 687 4024 A.
717 3963 808 4042 1478,
834 3961 910 4024 Maii
933 3979 962 4040 4,
986 3963 1019 4022 in
1043 3963 1237 4025 consistorio
1261 3961 1492 4025 Polthoviensi.

540 4082 628 4152 128.
652 4085 749 4166 (Acta
774 4085 856 4149 offic.
882 4086 946 4166 IV).
972 4085 1005 4148 ln
1023 4107 1119 4149 cnusa
1145 4086 1258 4150 honor.
1275 4087 1437 4158 Iohannis,
1463 4085 1592 4166 plebani
1616 4087 1647 4146 in
1666 4081 1884 4166 Pyathnycaa‚
1908 4101 1980 4144 curn

430 4192 574 4256 discreto
589 4192 739 4266 Alberto,
764 4195 883 4256 vicario
907 4193 938 4254 in
956 4193 1174 4278 Pyathnycza‚
1200 4215 1280 4276 mgr.
1297 4194 1445 4260 Petrus..
1472 4195 1601 4256 nomine
1624 4193 1847 4272 procuratorio
1865 4211 1981 4272 propo

430 4301 494 4364 suit
518 4311 630 4364 contra
654 4301 827 4364 Albertum
853 4323 914 4383 pro
937 4321 986 4372 eo,
1019 4304 1125 4382 quia..
1149 4314 1226 4383 post
1250 4314 1389 4366 mortem
1415 4301 1546 4384 plebani
1569 4299 1786 4362 antecessoris
1811 4298 1911 4378 ipsius
1936 4295 1982 4356 lo·

431 4406 545 4470 hannis
578 4410 685 4490 rapuit
718 4408 842 4482 librum,
878 4409 909 4470 in
942 4429 1008 4490 quo
1040 4410 1289 4472 continenbatur
1319 4419 1478 4490 excerpta
1508 4409 1584 4470 iuris
1607 4406 1752 4468 canonici
1784 4415 1818 4466 et
1849 4423 1982 4466 sacra-

433 4513 617 4578 mentale
648 4517 754 4597 mgri
786 4515 956 4579 Nicolai
988 4517 1037 4580 de
1069 4515 1232 4600 Blonye
1264 4521 1295 4580 in
1320 4515 1429 4580 valore
1453 4515 1485 4578 X
1510 4515 1587 4594 ilon,
1621 4524 1737 4594 petens
1765 4509 1917 4592 compelli
1941 4508 1982 4570 ad

431 4623 669 4686 restitutionem
694 4623 813 4686 valoris
838 4623 1037 4705 prelatorum
1063 4625 1239 4705 petitorum
1265 4623 1450 4688 librorum..

648 4817 688 4878 A.
718 4817 809 4896 1478,
834 4816 909 4879 Maii
936 4833 985 4895 29,
1011 4817 1041 4878 in
1065 4818 1259 4880 consistorio
1283 4815 1513 4880 Polthoviensi.

543 4937 630 5008 129.
655 4942 752 5023 (Acta
777 4941 859 5004 offic.
878 4942 943 5018 IV).
969 4943 1137 5006 Discretus
1161 4943 1307 5005 Thomas
1331 4940 1561 5022 Solrolowslry.
1586 4940 1722 5004 vicarius
1738 4939 1768 4998 in
1786 4933 1983 4998 Poltbowsk.

432 5047 506 5111 iecit
530 5049 734 5118 relacionem.
767 5051 843 5130 quia
868 5067 993 5130 nigrum
1019 5051 1148 5113 Petrum
1175 5059 1421 5131 procuratorem
1446 5047 1569 5110 Mathie
1594 5045 1793 5108 succentoris
1818 5045 1847 5102 in
1873 5043 1984 5120 Vagra

431 5157 574 5220 citavit..
600 5158 641 5219 ad
666 5159 856 5220 instanciam
881 5155 1093 5219 honestorum
1119 5155 1289 5220 Laurencii
1315 5167 1348 5218 et
1372 5155 1483 5218 iacobi
1508 5153 1659 5216 laicorum
1685 5153 1725 5212 de
1749 5150 1868 5230 Vagra
1894 5148 1936 5210 Et
1953 5150 1983 5208 in

432 5265 612 5326 continenti
637 5264 722 5326 idem
746 5263 926 5326 Stanislaus
950 5275 1144 5345 procurator
1167 5263 1320 5325 laicorum
1345 5263 1516 5343 proposuit
1539 5272 1654 5322 contra
1678 5256 1833 5320 Mathiam
1859 5276 1919 5337 pro
1936 5275 1985 5326 eo,

433 5371 505 5452 quia
530 5371 616 5434 idem
641 5369 782 5434 Mathias
806 5371 970 5434 concussit
994 5371 1150 5434 citharam
1183 5373 1213 5433 in
1239 5371 1349 5432 valore
1375 5369 1406 5430 V
1429 5389 1485 5450 gr„
1518 5369 1593 5429 item
1623 5385 1683 5447 pro
1708 5365 1734 5426 ll
1759 5385 1805 5446 gr.
1830 5367 1985 5446 impensis

431 5499 493 5559 pro
518 5477 629 5541 labore
654 5479 888 5542 citarisacionis
912 5501 970 5561 per
994 5479 1075 5541 duas
1099 5489 1228 5554 noctes;
1251 5478 1329 5539 item
1357 5495 1415 5555 pro
1432 5495 1481 5546 ec,
1507 5475 1582 5554 quia
1599 5477 1702 5554 ipsurn
1722 5472 1875 5534 iacobum
1899 5469 1986 5550 iuga.

434 5587 490 5647 bat
513 5587 621 5647 animo
646 5587 860 5667 percuciendi,
884 5587 1074 5649 extimando
1099 5583 1261 5646 infamiam
1287 5583 1329 5644 ad
1354 5581 1382 5643 ll
1398 5579 1477 5656 lion,
1500 5582 1576 5642 item
1594 5601 1654 5661 pro
1672 5578 1798 5642 lertone
1814 5577 1986 5659 deperdito

432 5695 463 5754 in
488 5691 670 5754 huiusmodi
695 5691 784 5775 iuga;
808 5696 885 5755 item
911 5713 971 5774 pro
987 5713 1037 5766 eo,
1062 5693 1136 5774 quia
1160 5689 1349 5752 mettercius
1373 5691 1403 5750 in
1421 5689 1472 5748 via
1489 5687 1589 5749 libera
1612 5689 1643 5746 in
1664 5685 1773 5765 Vagra
1797 5693 1986 5747 transeunte
