4458 6674
411 675 529 772 [03-

881 677 973 726 AC'l'A
993 677 1115 727 IUDICIl
1135 678 1271 727 ECCLES.
1293 678 1479 729 PLOCENSIS

670 767 715 772 —...
731 767 747 772 .,.
764 767 770 772 .
786 768 814 772 -...
860 769 911 773 —
1060 769 1199 776 ..--...-—.
1411 771 1531 777 -—-—-
1551 772 1663 780 ..—.—.-

407 907 487 966 quas
512 883 586 946 fecit
611 886 761 965 equitans
785 887 942 960 hincinde,
968 885 1087 948 scilicet
1112 888 1141 948 in
1168 889 1289 959 Rozan,
1314 888 1513 970 Ponykyew,
1545 891 1660 953 volens
1685 911 1757 954 eam
1781 892 1901 954 habere
1925 904 1958 956 et

407 1005 544 1074 propter
568 987 661 1075 [hoel.
688 995 761 1072 quia
778 994 950 1056 terrebatur
973 995 1005 1054 in
1023 993 1326 1074 pollicitacionibus;
1350 1015 1423 1056 cum
1441 998 1499 1058 sibi
1526 999 1620 1060 testis
1642 997 1732 1070 dixit,
1757 1009 1792 1060 ut
1812 1003 1960 1060 commis·

408 1119 478 1160 sum
503 1099 561 1161 sibi
589 1109 666 1168 erat,
698 1100 865 1178 respondit
892 1100 1016 1160 Petrus:
1048 1099 1147 1172 Bene,
1171 1103 1338 1180 quomodo
1362 1102 1420 1164 sibi
1445 1105 1578 1178 videtur,
1610 1124 1682 1165 cum
1707 1107 1778 1186 ipsa
1803 1125 1867 1166 non
1892 1117 1959 1167 tam

408 1227 526 1286 parvus
552 1207 690 1266 mundus
714 1218 773 1280 est,
806 1219 840 1265 ut
864 1206 990 1268 videtur
1014 1209 1045 1268 in
1070 1206 1219 1268 fenestra.
1260 1207 1341 1270 Cum
1365 1207 1428 1271 hoc
1453 1211 1573 1272 audivit
1597 1209 1714 1272 Paulus
1739 1212 1896 1292 plebanus
1919 1212 1961 1272 de

409 1312 521 1374 Romu
546 1325 579 1373 et
604 1311 755 1372 Andreas
778 1313 954 1374 avunculus
978 1333 1053 1374 suus
1079 1309 1266 1399 [dixerunt]:
1292 1313 1378 1394 Quid
1403 1315 1465 1377 hoc
1489 1329 1539 1378 est
1563 1317 1614 1382 ibi.
1639 1338 1702 1379 non
1728 1321 1787 1379 erit
1811 1318 1960 1380 voluntas

409 1441 465 1480 sua
490 1421 520 1478 in
539 1419 608 1493 hoc,
634 1417 691 1478 sed
716 1427 835 1480 nostra.
865 1419 907 1480 Et
932 1422 976 1481 sic
1000 1423 1156 1482 intrantes
1181 1423 1211 1480 in
1235 1441 1396 1483 cameram
1421 1426 1612 1503 inceperunt
1637 1445 1708 1485 eam
1735 1435 1903 1502 percutere
1928 1437 1960 1487 et

409 1527 538 1588 demum
565 1527 681 1588 educta
705 1527 746 1588 de
770 1549 898 1588 camera
923 1549 981 1608 per
1005 1528 1269 1592 Bartholomeum
1294 1530 1334 1590 de
1359 1528 1597 1613 Skrobodayno
1623 1542 1655 1592 et
1672 1531 1840 1594 Andream
1866 1551 1960 1593 avun-

410 1635 515 1694 culum
541 1655 632 1694 suum
658 1634 866 1716 Margaretha
890 1647 1028 1716 protunc
1054 1636 1244 1716 copulanda,
1269 1637 1446 1698 educentes
1471 1639 1635 1700 dicebant:
1659 1638 1733 1698 Non
1751 1640 1875 1717 timeas,
1900 1639 1962 1699 eris

410 1740 556 1802 druclmn
582 1755 692 1803 nostre
718 1741 933 1820 Margarethe.
959 1741 1040 1803 Cum
1058 1745 1120 1802 iam
1146 1742 1297 1822 copulata
1323 1743 1435 1806 fuisset
1460 1747 1547 1806 dicta
1564 1744 1780 1824 Margaretha,
1805 1743 1962 1824 plebanus

410 1848 503 1910 dixit:
530 1847 745 1926 Respondeas
770 1851 871 1908 eciam
898 1863 974 1908 tunc
999 1860 1031 1910 et
1055 1859 1099 1910 tu.
1132 1846 1204 1928 Que
1229 1851 1344 1911 iterum
1369 1851 1490 1930 incepit
1514 1849 1590 1912 flere
1613 1851 1738 1912 dicens:
1771 1852 1886 1913 Pocius
1911 1871 1962 1912 me

410 1953 620 2016 interficiatis
645 1953 754 2016 Testis
779 1976 844 2016 non
869 1957 991 2016 audivit
1014 1956 1152 2036 abipsa.
1178 1969 1211 2017 ut
1236 1959 1307 2037 ipsa
1331 1956 1462 2036 aliquod
1486 1959 1620 2018 verbum
1647 1959 1880 2037 respondisset,
1904 1959 1962 2018 sed

411 2060 541 2135 audivit,
574 2063 662 2142 quod
694 2060 843 2122 mulieres
874 2073 1000 2123 stantes
1032 2063 1197 2124 dicebant:
1229 2063 1294 2123 lam
1320 2063 1499 2142 respondit.
1539 2063 1641 2126 Teste
1664 2085 1737 2126 sero
1769 2065 1963 2126 adveniente

411 2171 503 2230 testis
529 2168 602 2230 lecit
627 2171 672 2230 eis
697 2179 841 2240 stratum,
876 2181 908 2230 et
933 2170 1064 2248 quando
1088 2170 1249 2232 ducebant
1280 2173 1311 2230 in
1337 2191 1506 2242 cameram,
1540 2173 1685 2234 similiter
1715 2171 1963 2233 lamentabiliter

412 2275 507 2338 flebat
541 2289 692 2356 repetens
725 2274 935 2356 aliquociens:
971 2275 1022 2335 Ve
1048 2277 1154 2350 michi,
1187 2279 1301 2357 pocius
1332 2297 1384 2339 me
1417 2275 1622 2340 interficiatis.
1664 2277 1706 2339 Et
1730 2279 1775 2340 sic
1808 2299 1866 2358 per
1890 2298 1962 2340 eum

412 2383 543 2446 inducta
566 2383 607 2444 ad
632 2403 705 2444 eum
730 2384 761 2442 in
785 2403 955 2446 cameram.
988 2380 1129 2462 Quando
1154 2386 1246 2445 testis
1270 2385 1400 2458 audivit,
1426 2383 1514 2464 quod
1539 2387 1610 2465 ipsa
1635 2405 1698 2446 non
1723 2386 1826 2456 iacuit,
1850 2385 1908 2446 sed
1932 2385 1964 2446 in

412 2490 532 2570 angulo
556 2489 620 2552 alio
643 2490 827 2562 ambulavit,
853 2499 943 2552 stans
968 2510 1069 2568 penes
1093 2489 1234 2551 hostium
1258 2489 1353 2552 finxit
1377 2491 1437 2552 sibi
1455 2511 1579 2564 vocem,
1605 2500 1639 2551 ut
1656 2500 1768 2558 mater,
1793 2491 1875 2553 dixit
1890 2491 1964 2552 sibi:

414 2596 501 2675 Quid
525 2595 630 2666 saties,
656 2617 755 2676 quare
780 2617 843 2657 non
861 2597 955 2658 iaces.
980 2596 1024 2658 Et
1040 2599 1111 2676 ipsa
1134 2596 1305 2658 clamando
1330 2597 1479 2676 rogabat:
1506 2597 1603 2678 Rogo
1621 2619 1680 2659 vos
1697 2607 1831 2678 propter
1849 2596 1963 2671 Deum,

413 2705 550 2766 mittatis
574 2724 634 2765 me.
660 2703 702 2766 Et
726 2703 858 2764 ulterius
883 2704 999 2776 nescit,
1024 2704 1098 2784 quia
1122 2705 1264 2774 recessit,
1290 2704 1347 2766 sed
1372 2723 1467 2764 mane
1492 2705 1580 2766 venit
1605 2705 1732 2784 etipsa
1756 2703 1910 2766 dormivit
1935 2704 1964 2762 in

413 2815 475 2873 alia
498 2831 627 2874 camera
651 2830 723 2872 cum
749 2808 942 2882 mulieribus,
967 2822 999 2872 et
1025 2811 1143 2871 ibidem
1167 2810 1296 2884 audivit,
1330 2813 1404 2890 quia
1429 2831 1487 2890 per
1509 2809 1676 2890 haurigam
1702 2811 1731 2870 in
1758 2811 1862 2872 media
1887 2810 1964 2871 hora

414 2921 493 2982 citra
517 2918 568 2980 vel
593 2915 674 2978 ultra
697 2917 829 2978 dimissa
854 2927 904 2978 est
928 2917 968 2978 ab
993 2938 1042 2978 e0.

520 3023 707 3106 Quartus
738 3025 830 3085 testis
862 3022 1015 3085 Nicolaus
1046 3023 1087 3085 de
1113 3022 1200 3085 Gacz
1225 3023 1432 3086 Rzechov0..
1464 3023 1646 3086 conformat
1671 3023 1731 3106 [se]
1761 3043 1833 3086 cum
1858 3043 1964 3103 prece-

414 3133 575 3205 dentibus
599 3149 728 3192 causam
754 3131 891 3192 sciencie
916 3131 1030 3199 reddit,
1063 3131 1150 3210 quod
1177 3131 1414 3208 percuciebant,
1447 3141 1482 3193 ut
1506 3133 1611 3193 exiret
1634 3131 1675 3193 de
1700 3151 1828 3192 camera
1852 3129 1892 3192 ad
1916 3149 1966 3191 co

416 3239 600 3318 pulandum,
636 3237 710 3318 quia
741 3237 831 3299 stetit
862 3239 894 3297 in
918 3237 1025 3299 hostio
1057 3257 1192 3304 camere,
1225 3238 1355 3317 quaudo
1388 3238 1449 3298 iam
1474 3237 1654 3299 ducebatur
1684 3239 1715 3298 in
1740 3256 1899 3298 cameram
1926 3237 1967 3298 ad

415 3366 488 3408 eum
513 3343 728 3406 dormientem
754 3343 898 3404 dicebat:
922 3342 1037 3404 Poeius
1054 3363 1106 3404 me
1123 3344 1332 3421 interficiatis;
1357 3353 1390 3405 et
1407 3363 1470 3404 non
1489 3343 1547 3405 suit
1563 3345 1605 3404 ibi
1631 3347 1661 3404 in
1683 3363 1812 3405 camera
1829 3345 1968 3404 mediam

416 3454 528 3514 horam
553 3463 586 3512 et
610 3450 746 3512 sedebat
771 3451 800 3510 in
826 3449 888 3510 alio
913 3449 1032 3529 angulo
1057 3449 1138 3511 flens
1162 3461 1195 3511 et
1220 3449 1271 3511 ille
1296 3451 1326 3510 in
1351 3449 1413 3510 alio
1438 3450 1579 3524 iacebat;
1604 3463 1636 3510 et
1662 3459 1695 3510 ut
1719 3449 1818 3512 Anna
1842 3449 1968 3530 prefata

415 3561 536 3621 audivit
561 3579 675 3620 vocem
700 3558 858 3630 bauridze,
893 3559 989 3634 peciit
1014 3579 1095 3630 eum,
1129 3569 1162 3618 ut
1187 3577 1258 3619 eam
1284 3558 1434 3637 aperiret,
1467 3557 1588 3618 dicens:
1623 3556 1763 3637 Depone
1795 3557 1967 3619 cathenam

314 3701 319 3714 ·
416 3669 456 3727 de
481 3664 609 3738 skoblrr,·
640 3663 772 3726 erfecit
797 3664 939 3743 hauriga,
972 3673 1004 3725 et
1029 3663 1082 3724 illa
1106 3665 1208 3724 exivit·
1239 3675 1272 3724 et
1296 3666 1384 3723 venit
1416 3663 1457 3724 ad
1481 3681 1625 3724 sororem
1651 3665 1744 3724 testis
1775 3675 1809 3726 et
1833 3663 1970 3726 sedebat

417 3791 518 3852 penes
542 3791 613 3833 eam
638 3784 671 3833 et
697 3781 771 3849 post
798 3769 957 3830 modicum
983 3781 1112 3849 tempus
1137 3772 1238 3831 exivit
1263 3771 1364 3831 eciam
1390 3769 1504 3830 Petrus
1528 3768 1580 3830 ille
1611 3779 1644 3830 et
1668 3773 1757 3830 venit
1785 3771 1826 3830 ad
1851 3781 1968 3832 testem

417 3893 450 3942 et
474 3879 625 3940 dormivit
648 3897 758 3940 secum
784 3898 884 3956 usque
909 3878 949 3937 ad
974 3878 1068 3938 diem.

633 4072 673 4132 Α.
705 4069 797 4150 1506,
821 4069 889 4130 Iulii
915 4087 964 4146 24,
989 4071 1020 4131 in
1048 4068 1213 4131 Poltowsk
1236 4071 1266 4128 in
1292 4069 1377 4129 curia
1402 4069 1588 4150 episcopali.

525 4191 615 4260 249.
641 4195 737 4274 (Acta
755 4197 852 4274 episc.
872 4193 949 4275 Vll).
975 4193 1009 4254 ln
1035 4196 1165 4255 nomine
1190 4193 1253 4254 Dni
1270 4214 1372 4256 amen.
1397 4191 1464 4254 Sub
1482 4214 1508 4255 a.
1526 4191 1566 4256 D.
1584 4194 1732 4256 MDVl..
1758 4193 1819 4256 Vll
1837 4213 1877 4256 m.
1895 4195 1970 4258 Iulii.

419 4305 500 4367 Cum
525 4302 621 4365 nichil
646 4301 769 4362 cercius
793 4309 897 4362 morte
930 4314 962 4361 et
989 4299 1081 4361 nichil
1106 4301 1261 4362 incercius
1295 4301 1352 4362 nisi
1378 4299 1458 4362 hora
1482 4301 1603 4373 mortis,
1637 4301 1712 4380 quia
1735 4301 1838 4362 nescit
1862 4301 1970 4372 h0m0,

420 4413 479 4484 ubi,
506 4411 637 4490 quando
662 4419 694 4470 et
719 4408 884 4488 quomodo
910 4409 989 4467 mori
1014 4407 1122 4476 debet,
1156 4409 1251 4488 igitur
1274 4427 1337 4486 ego
1363 4406 1508 4476 lacobus,
1543 4407 1700 4487 plebanus
1723 4409 1754 4466 in
1781 4404 1972 4468 Clambowo

418 4529 452 4580 et
476 4517 570 4578 heres
587 4515 627 4576 de
643 4514 882 4596 Umyashovo,
907 4533 1004 4575 sanus
1022 4525 1160 4593 protunc
1183 4523 1292 4576 mente
1308 4523 1342 4576 et
1358 4533 1504 4592 corpore,
1530 4515 1654 4582 timens,
1679 4532 1719 4574 ne
1736 4533 1787 4574 me
1804 4515 1973 4594 contingat

419 4625 560 4686 maxime
592 4625 622 4684 in
647 4622 708 4684 hac
733 4633 821 4684 etate
852 4622 940 4684 senili
974 4621 1135 4682 decedere
1167 4623 1362 4694 intestatum,
1399 4631 1531 4700 propter
1563 4620 1651 4700 quod
1683 4641 1806 4700 guerre,
1843 4621 1916 4682 lites
1940 4632 1972 4682 et

419 4728 594 4814 rlancores]
627 4731 708 4790 meis
733 4731 873 4809 propriis
906 4749 965 4808 pro
989 4728 1149 4790 derelictis
1182 4729 1349 4796 orirentur,
1383 4747 1440 4806 per
1471 4747 1554 4807 quos
1578 4725 1711 4788 forsitan
1743 4726 1971 4790 detrimentum

362 4856 367 4870 ·
420 4858 492 4900 mee
516 4847 702 4899 causaretur
726 4839 846 4912 anime;
878 4856 978 4916 quare
1003 4835 1044 4896 de
1068 4835 1200 4915 singulis
1225 4835 1318 4896 bonis
1342 4835 1504 4914 rebusque
1528 4833 1624 4894 michi
1648 4853 1667 4894 a
1691 4832 1765 4895 Deo
1788 4831 1922 4902 collatis,
1947 4834 1973 4892 si

420 4965 472 5008 me
496 4945 666 5024 contigerit
698 4944 740 5005 de
764 4941 826 5002 hoc
851 4943 959 5004 seculo
984 4943 1132 5022 migrare,
1164 4939 1258 5002 finale
1283 4941 1365 5002 lacio
1391 4949 1622 5004 testamentum
1657 4938 1768 5002 ultime
1799 4937 1973 5000 voluntatis

421 5073 493 5114 mee
518 5051 662 5114 subhac
687 5051 790 5112 forma
815 5050 1002 5111 verborum:
1036 5049 1142 5110 Primo
1167 5057 1199 5109 et
1225 5047 1442 5128 principaliter
1474 5049 1505 5108 in
1530 5067 1643 5108 manus
1675 5047 1896 5108 sanctissimas
1920 5047 1975 5108 dni

421 5159 481 5222 Dei
507 5160 742 5240 omnipotentis
771 5168 803 5218 et
828 5159 939 5218 matris
964 5157 1031 5218 eius
1057 5157 1227 5218 benedicte
1251 5157 1422 5217 committo
1454 5173 1559 5216 meam
1585 5156 1800 5234 peccatricem
1825 5156 1974 5214 animam.

527 5267 608 5328 Item
635 5266 708 5346 lego
732 5263 868 5326 ecclesie
892 5284 964 5325 mee
987 5265 1017 5322 in
1037 5261 1218 5326 Clambovo
1243 5261 1371 5325 missale
1396 5282 1516 5323 novum
1541 5279 1694 5342 magnum
1720 5281 1973 5341 pergameneum

421 5373 505 5435 bene
529 5373 732 5452 dispositum.
768 5371 848 5432 Item
874 5367 972 5454 [tego]
998 5371 1101 5432 eidem
1132 5371 1267 5432 ecclesie
1300 5389 1467 5430 sermones
1499 5366 1645 5447 discipuli
1677 5387 1749 5428 cum
1773 5368 1814 5428 de
1838 5365 1975 5438 Sanctis,

421 5483 452 5542 in
471 5480 588 5560 quibus
605 5500 667 5557 ego
685 5479 794 5540 multis
810 5479 901 5538 annis
920 5479 1070 5538 laboravi.
1096 5477 1175 5538 Item
1194 5479 1297 5538 eidem
1317 5471 1475 5561 [ecclesie]
1498 5493 1617 5534 novum
1635 5473 1766 5535 calicem
1784 5485 1974 5553 argenteum

421 5590 453 5650 in
478 5588 586 5650 valore
612 5586 673 5648 Vll
698 5605 945 5665 sexagenarum.
988 5585 1069 5646 ltem
1095 5603 1327 5664 pergamenum
1362 5603 1421 5662 pro
1445 5582 1572 5644 duobus
1607 5577 1791 5666 seixtemis]
1824 5599 1884 5660 pro
1907 5599 1975 5658 gra·

422 5693 516 5767 duali,
542 5695 629 5774 quod
653 5692 792 5754 habetur
816 5693 898 5754 circa
923 5691 1020 5752 dnum
1045 5691 1219 5752 Iohannem
1246 5688 1462 5773 Voynowsky
1487 5691 1518 5750 in
1545 5687 1722 5752 Pultowslc.
1762 5687 1842 5750 Item
1867 5685 1971 5748 eidem
