4458 6674
426 723 511 824 [⁶⁸.

895 725 988 776 ACTA
1006 721 1131 777 lumen
1150 725 1287 778 ECCLES.
1308 727 1495 778 PLOCENSIS

548 819 793 825 ---.-.-....-—....-—.
898 821 1382 827 --—.--.....——...—.-—-
1450 823 1770 830 -..-.-..----..-.--..-.--
1789 825 1850 830 -....
1873 823 1972 830 ...ω-

421 939 651 1018 respondendo
677 940 930 1020 propositioni..
955 938 1031 1000 dicit
1055 939 1201 1019 prefatos
1229 939 1356 1002 nobiles
1381 941 1464 1002 bene
1488 943 1610 1004 iurasse
1640 955 1672 1004 et
1697 941 1890 1006 testificasse.
1915 963 1975 1024 pro

421 1047 521 1110 nobili
546 1045 682 1106 Nicolao
706 1047 747 1106 de
770 1044 924 1124 Mylewo,
957 1045 1031 1106 licet
1057 1048 1098 1106 sit
1124 1067 1181 1126 per
1206 1067 1324 1125 pucros
1348 1050 1378 1106 in
1404 1051 1549 1110 terminis
1572 1050 1797 1111 communibus
1820 1051 1850 1110 in
1876 1047 1975 1127 Czye·

421 1155 581 1215 chonowo
600 1152 826 1233 proclamatus,
852 1165 959 1213 tamen
985 1155 1089 1213 minus
1113 1155 1205 1226 iuste,
1231 1155 1318 1234 quod
1344 1157 1538 1215 contrarium
1565 1177 1675 1216 verum
1694 1167 1752 1228 est,
1777 1158 1864 1236 quud
1889 1157 1975 1217 lcme·

421 1261 538 1322 thones
556 1262 656 1341 ipsius
672 1257 806 1330 Nicolai,
824 1259 973 1321 videlicet
991 1259 1130 1321 Mathias
1155 1271 1186 1321 et
1203 1258 1391 1334 StauislauS,
1415 1274 1449 1322 nt
1466 1265 1566 1323 invasi
1592 1265 1673 1324 etin
1690 1265 1753 1324 vim
1772 1263 1976 1325 defendendo

424 1369 581 1451 prefatum
593 1368 668 1427 olim
683 1368 856 1428 lohauncm
873 1377 997 1444 patrem
1013 1365 1209 1444 prefatorum
1225 1368 1377 1428 nobilium
1389 1363 1594 1454 [occiserunt]
1608 1381 1641 1432 et
1653 1389 1717 1430 non
1731 1371 1802 1451 ipse
1815 1367 1977 1444 Nicolaus,

423 1479 475 1559 qui
493 1487 543 1540 est
567 1477 784 1556 proclamatus
810 1493 867 1552 per
884 1474 1030 1553 prefatos
1055 1495 1180 1555 pueros,
1206 1489 1238 1537 et
1256 1477 1285 1535 in
1304 1475 1568 1556 supplementum
1584 1479 1806 1558 responsionis
1824 1477 1978 1558 produxit

423 1595 547 1646 certum
572 1585 764 1660 rescriptum
790 1601 832 1641 ex
857 1581 937 1642 libro
962 1584 1107 1642 terrestri
1132 1581 1408 1644 Czechouoviensi
1441 1584 1500 1644 sub
1525 1583 1629 1664 sigillo
1654 1586 1757 1646 ducali
1786 1596 1977 1657 extractum,

425 1694 556 1772 quando
580 1690 696 1752 nobilis
720 1689 858 1750 lacobus
883 1687 1075 1750 Zochowski
1101 1709 1233 1769 preco
1257 1709 1449 1768 magnus,
1474 1692 1528 1770 qui
1553 1701 1623 1752 erat
1647 1691 1688 1753 de
1704 1689 1810 1753 officio
1835 1691 1930 1754 datus
1946 1703 1978 1750 ct

426 1801 542 1860 missus
567 1795 607 1858 ad
631 1795 898 1874 conspiciendum
924 1796 1115 1858 violenciam
1142 1795 1271 1873 prefato
1295 1795 1433 1858 Nicolao
1456 1796 1585 1871 factam,
1609 1801 1834 1880 interrogabat
1858 1799 1977 1859 dictum

425 1905 500 1967 olim
525 1905 711 1973 lohannem,
737 1903 808 1982 quis
832 1901 891 1962 sibi
917 1921 1046 1962 manum
1073 1903 1268 1979 abscideret;
1293 1915 1413 1966 extunc
1438 1905 1522 1966 idem
1549 1904 1710 1967 lohannes
1734 1907 1816 1968 aduc
1832 1907 1978 1968 existens

424 2016 515 2076 vivus
539 2013 633 2074 dixit:
657 2029 722 2070 non
741 2008 871 2088 inculpo
895 2009 1035 2070 nobilem
1062 2009 1230 2070 Nicolaum
1257 2021 1405 2090 patruum
1432 2031 1548 2082 meum,
1573 2014 1632 2074 sed
1648 2011 1845 2074 lrmethones
1865 2013 1979 2100 ipsius;

426 2123 508 2202 petit
532 2128 723 2197 procurator
754 2114 953 2196 prelatorum
985 2117 1139 2176 nobilium
1173 2119 1364 2198 rescriptum
1396 2117 1437 2178 ad
1461 2137 1593 2180 causam
1618 2119 1753 2181 admitti.
1793 2117 1836 2180 Et
1861 2119 1978 2180 ibidem

426 2229 508 2288 dnus
533 2226 757 2286 locumtenens
781 2225 947 2285 mandavit
972 2224 1116 2302 partibus
1141 2225 1280 2305 probare
1302 2226 1506 2286 intenciones
1531 2245 1606 2287 suas
1631 2223 1712 2286 infra
1735 2223 1764 2287 ll
1790 2245 1927 2287 menses.

641 2417 682 2478 A.
712 2432 802 2497 1513.
828 2415 992 2478 Februarii
1023 2419 1069 2485 18,
1094 2418 1124 2477 in
1149 2417 1344 2480 consistorio
1368 2417 1525 2479 Plocensi.

534 2538 624 2607 362.
649 2541 746 2620 (Acta
771 2541 852 2601 oftic.
871 2541 964 2618 lVa).
991 2542 1025 2601 ln
1043 2561 1139 2602 causa
1164 2543 1308 2603 eiusdem
1334 2541 1452 2621 loseph
1470 2541 1536 2622 Fry
1562 2539 1652 2626 [civis
1669 2541 1844 2626 Plocensis]
1869 2553 1982 2604 contra

428 2669 534 2714 vener.
560 2651 712 2711 Iacobum
728 2648 868 2709 Zalieslci
893 2650 1083 2710 canonicum
1102 2647 1301 2724 Ploceusem‚
1327 2650 1410 2712 duus
1425 2651 1600 2711 canonicus
1624 2652 1855 2730 respondendo
1873 2649 1982 2710 libello

428 2761 526 2839 ipsius
550 2755 672 2836 loseph
695 2757 826 2836 negavit
851 2765 1003 2815 contenta
1028 2757 1060 2815 in
1077 2754 1184 2818 libello
1208 2775 1281 2817 esse
1299 2775 1373 2817 vera
1398 2769 1508 2836 preter
1532 2769 1725 2830 cementum,
1751 2757 1839 2817 cuius
1856 2766 1981 2818 tantum

429 2865 475 2927 Vl
500 2876 616 2928 tunnas
642 2881 699 2941 per
723 2861 766 2924 lll
791 2883 836 2942 gr.
862 2863 949 2941 apud
974 2864 1078 2942 ipsum
1105 2864 1267 2942 recepisse
1291 2861 1459 2924 confessus
1484 2875 1542 2934 est,
1575 2876 1608 2924 et
1632 2861 1695 2923 hoc
1718 2865 1850 2926 nomine
1875 2864 1983 2932 Rmi„

428 2975 483 3035 dni
509 2971 665 3051 Episcopi
691 2970 837 3030 moderni
862 2969 1026 3030 Plocensis
1059 2989 1118 3046 pro
1143 2971 1428 3049 reparacione
1460 2971 1614 3032 altaris
1645 2972 1678 3030 in
1702 2969 1839 3032 ecclesia
1871 2971 1983 3030 maiori

430 3089 580 3158 receptos
604 3089 637 3138 et
661 3095 726 3136 non
752 3075 855 3156 plus..

645 3269 684 3332 A.
715 3284 806 3348 1513,
831 3268 997 3330 Februarii
1022 3270 1073 3340 28,
1098 3270 1129 3330 in
1153 3270 1347 3331 consistorio
1372 3269 1528 3331 Plocensi.

538 3390 627 3459 363.
652 3393 750 3473 (Acta
774 3391 860 3454 offic.
876 3392 970 3471 lVa).
996 3393 1030 3454 ln
1054 3413 1151 3454 causa
1176 3397 1423 3456 testamentaria
1447 3393 1522 3455 olim
1547 3397 1600 3455 dni
1618 3393 1785 3457 Michaelis
1811 3394 1985 3456 Prasmow·

431 3505 489 3576 shi,
516 3503 670 3582 prepositi
696 3499 869 3568 Plocensis,
901 3512 1015 3562 contra
1040 3499 1137 3560 dnum
1161 3503 1366 3580 capitaneum
1392 3500 1590 3570 Ploceusem‚
1624 3499 1829 3582 Augustinus
1853 3503 1894 3562 de
1920 3501 1984 3580 Vy·

432 3610 591 3690 schegrad
616 3619 807 3690 procurator
831 3588 1046 3668 executurum
1069 3606 1185 3685 prefati
1210 3609 1396 3670 testamenti
1429 3611 1592 3670 accusavit
1616 3609 1853 3668 contumaciam
1885 3609 1986 3688 partis

433 3719 601 3779 adverse..
627 3715 819 3778 Exadverso
843 3716 1025 3793 comparuit
1048 3713 1159 3775 honor.
1185 3716 1268 3776 dnus
1296 3715 1450 3776 Albertus
1474 3715 1695 3794 Boyanowsm
1722 3725 1911 3792 procurator
1932 3715 1985 3776 dni

432 3824 596 3904 capitanei
620 3833 653 3884 et
678 3823 809 3883 nomine
834 3821 978 3882 eiusdem
1004 3821 1165 3902 allegavit,
1191 3823 1278 3902 quod
1303 3824 1375 3903 ipse
1392 3823 1474 3883 dnus
1497 3824 1686 3900 capitaneus
1711 3831 1762 3882 est
1779 3832 1913 3883 vocatus
1930 3841 1987 3902 per

434 3932 473 3992 R.
491 3930 592 3992 Nltem
617 3929 657 3990 ad
682 3929 1015 3989 convencionem
1040 3927 1284 4010 generalem
1310 3929 1520 3990 Poananie
1544 3931 1575 3990 in
1594 3929 1744 4008 proximo
1761 3927 1986 3988 celebrandam

432 4039 463 4098 in
482 4037 570 4098 facto
587 4035 771 4116 reipublice.
798 4047 972 4115 propterea
997 4039 1099 4116 petiit,
1124 4037 1212 4116 quod
1237 4038 1344 4099 medio
1363 4049 1511 4118 tempore
1537 4037 1566 4096 in
1585 4036 1645 4098 hac
1661 4055 1758 4096 causa
1774 4036 1987 4116 supersedeat

434 4163 538 4225 usque
563 4142 603 4205 ad
628 4142 765 4204 reditum
800 4141 899 4221 ipsius
923 4143 976 4202 dui
1001 4145 1162 4222 capitanei
1195 4145 1346 4206 dedicta
1371 4145 1601 4206 convencione.
1643 4143 1856 4204 Procuratore
1887 4144 1987 4221 partis

434 4253 570 4315 adverse
595 4249 779 4330 excipiente
801 4259 836 4310 et
852 4249 990 4318 dicente,
1015 4252 1102 4328 quod
1128 4252 1213 4312 dicta
1239 4252 1358 4332 peticio
1382 4252 1551 4312 dilacionis
1577 4249 1681 4311 locum
1708 4250 1921 4311 nonhabet..
1946 4267 1987 4309 ex

434 4357 617 4421 racionibus
649 4355 872 4437 infrascriptis:
904 4357 1008 4434 primo
1040 4377 1115 4436 qma
1138 4360 1210 4438 ipsa
1235 4377 1332 4419 causa
1366 4371 1416 4419 est
1440 4358 1559 4418 dudum
1593 4357 1744 4418 inchoata
1776 4367 1808 4418 et
1833 4365 1989 4417 tractatur

435 4487 494 4549 per
510 4477 746 4547 procuratores
770 4481 853 4544 quos
869 4465 939 4544 ipse
955 4465 1037 4526 dnus
1054 4468 1244 4546 capitaneus
1269 4465 1444 4527 informare
1463 4467 1568 4545 potuit
1586 4462 1790 4538 sufficienter,
1816 4464 1870 4543 qui
1886 4464 1987 4524 eciam

434 4575 541 4653 ipsum
566 4575 664 4634 dnum
689 4572 895 4652 capitaneum
919 4571 1093 4634 defendere
1127 4585 1262 4652 possent
1287 4584 1320 4634 et
1345 4573 1413 4634 eius
1437 4589 1568 4634 causam
1594 4570 1762 4640 deducere,
1795 4581 1828 4632 et
1852 4570 1939 4650 quod
1963 4569 1990 4628 si

435 4700 530 4743 secus
555 4679 674 4742 factum
699 4678 802 4751 fuerit,
826 4690 947 4740 extunc.
972 4683 1077 4740 anima
1102 4682 1269 4742 testatoris
1294 4681 1523 4760 negligeretur,
1548 4678 1694 4739 similiter
1717 4687 1751 4738 et
1768 4676 1888 4738 utilitas
1905 4695 1988 4737 com·

437 4789 572 4848 munis..
597 4785 640 4848 Et
664 4785 813 4847 dominus
838 4786 955 4848 auditis
980 4787 1128 4848 hincinde
1154 4789 1364 4867 propositis..
1390 4787 1554 4847 mandavit
1579 4785 1757 4865 procedere
1782 4783 1822 4843 ad
1840 4781 1989 4844 ulteriora

437 4905 469 4955 et
487 4891 710 4956 nichilominus
734 4893 824 4955 dedit
848 4891 1040 4956 dilacionem
1066 4893 1112 4956 IX
1129 4893 1252 4954 dierum
1269 4896 1311 4955 ad
1329 4894 1518 4956 avisandum
1544 4895 1649 4971 ipsum
1667 4893 1766 4952 duum
1784 4893 1989 4969 capitaneum

437 5022 497 5082 pro
521 4997 753 5062 informacione
766 5049 788 5062 ..

651 5192 693 5255 A.
723 5207 813 5273 1513,
839 5194 945 5254 Martii
977 5196 1022 5262 16,
1047 5196 1079 5255 in
1103 5195 1298 5256 consistorio
1322 5193 1528 5255 Pultoviensi.

545 5313 635 5382 364.
659 5317 756 5396 (Aera
781 5317 863 5379 offic.
889 5321 937 5396 X).
964 5318 998 5378 ln
1022 5337 1120 5380 causa
1145 5317 1260 5380 nobilis
1285 5318 1482 5380 Bartolomei
1507 5319 1548 5377 de
1570 5314 1706 5396 Corytki
1730 5327 1845 5376 contra
1869 5312 1992 5376 nobiles

438 5425 607 5486 Nicolaum
624 5427 665 5486 de
683 5425 836 5500 Malouki,
861 5425 1079 5488 Venceslaum
1099 5425 1139 5488 de
1157 5427 1276 5486 ibidem
1296 5437 1329 5487 et
1347 5425 1427 5486 alios
1446 5426 1508 5486 litis
1526 5436 1697 5486 consortes
1716 5425 1746 5483 in
1764 5422 1992 5503 proposicione

437 5542 614 5595 contentos
639 5535 811 5594 occasione
843 5535 1042 5615 periurii,
1076 5535 1234 5595 Martinus
1258 5532 1385 5593 Zaleshi
1417 5545 1608 5612 procurator
1633 5531 1817 5591 nobilium..
1841 5528 1994 5609 allegavit

439 5639 609 5701 Nicolaum
626 5641 667 5702 de
684 5637 832 5721 Corythi,
858 5659 916 5720 pro
934 5659 1000 5720 quo
1017 5640 1133 5722 prefati
1151 5639 1275 5702 nobiles
1299 5642 1492 5712 iuraverunt,
1518 5657 1582 5698 non
1600 5638 1755 5699 excisisse
1773 5637 1871 5717 signa,
1898 5645 1994 5714 prout

439 5759 663 5829 geometer
687 5749 970 5816 commensuravit‚
996 5750 1026 5808 in
1051 5747 1166 5809 eadem
1192 5765 1266 5808 area
1293 5765 1351 5808 nec
1376 5745 1458 5807 ultra
1483 5747 1618 5825 sepiisse
1643 5763 1731 5824 sepe,
1763 5755 1796 5803 et
1821 5751 1994 5824 propterea
