4458 6674
434 673 493 735 162
902 667 996 718 ACTA
1014 667 1137 718 IUDICH
1155 667 1292 718 ECCLES.
1313 665 1503 718 PLOCENSIS

429 905 448 944 a
472 884 605 966 prefatis
630 885 775 965 pecuniis
798 885 843 946 sic
867 883 1019 966 obligatis
1044 891 1077 944 et
1101 883 1263 962 inscriptis
1295 901 1352 961 per
1376 880 1422 942 IX
1446 899 1550 942 annos
1574 879 1719 959 prefatus
1743 879 1898 942 Nicolaus
1922 878 1982 940 XII

430 991 623 1054 kmethones
640 1011 717 1053 suos
730 993 880 1070 proprios
893 985 957 1074 [ad]
972 990 1124 1052 dietarios
1142 988 1269 1050 labores
1286 991 1315 1050 in
1330 1009 1416 1050 anno
1427 975 1534 1050 semel
1550 988 1594 1049 ad
1606 986 1855 1048 falcastrandum
1873 985 1980 1048 fenum

430 1101 577 1178 predicto
601 1097 739 1160 Bolkoni
764 1099 847 1178 patri
871 1097 1030 1158 dictorum
1055 1097 1208 1158 nobilium
1234 1096 1335 1158 dabat
1359 1106 1391 1158 et
1409 1095 1468 1158 sibi
1493 1093 1684 1155 laborabant
1709 1092 1876 1175 usquead
1901 1090 1982 1154 solu·

429 1208 555 1268 cionem
580 1205 738 1267 dictarum
757 1205 964 1285 pecuniarum
989 1204 1135 1284 superius
1160 1223 1397 1283 expressarum,
1416 1204 1529 1282 quovis
1545 1221 1631 1262 anno
1648 1222 1665 1262 a
1683 1201 1828 1279 quolibet
1854 1202 1983 1280 premis·

428 1331 537 1376 sorum
563 1311 774 1374 kmethonum
801 1312 927 1372 labores
952 1313 1098 1391 percepit
1123 1322 1156 1372 et
1180 1313 1211 1370 iu
1229 1331 1305 1372 usus
1322 1330 1399 1372 suos
1422 1311 1582 1370 convertit
1607 1309 1783 1370 secundum
1808 1327 1864 1368 sua
1889 1307 1983 1368 bene·

429 1419 548 1499 placita
572 1419 670 1480 modo
695 1421 837 1480 usurarie
862 1418 1031 1498 pravitatis
1054 1427 1087 1480 et
1105 1417 1182 1478 lucri
1206 1417 1380 1497 turpissimi
1406 1415 1487 1477 ultra
1504 1426 1625 1478 sortem
1645 1415 1829 1496 principalis
1847 1413 1982 1496 pecunie

393 1521 396 1526 ’
429 1525 525 1587 nichil
550 1525 751 1598 defalcand0,
778 1545 873 1605 quam
899 1544 1058 1586 summam
1084 1525 1291 1604 pecuniarum
1317 1545 1359 1586 ex
1384 1527 1512 1606 integro
1537 1523 1658 1602 recepit
1682 1521 1789 1584 dean.
1807 1522 1868 1582 Dni
1891 1521 1982 1599 1487,

428 1643 525 1712 prout
550 1635 712 1713 quietacio
736 1631 834 1693 lacius
858 1630 1044 1710 obloquitur
1069 1632 1138 1694 libri
1162 1634 1326 1694 terrestris
1350 1631 1572 1694 Makoviensis
1596 1643 1637 1696 et.
1667 1642 1702 1690 ut
1725 1629 1850 1694 dicitur.
1875 1629 1982 1689 animo

429 1739 524 1802 avido
548 1751 663 1800 contra
685 1751 842 1820 precepta
865 1740 973 1801 divina
997 1749 1029 1800 et
1046 1739 1185 1800 humana
1202 1751 1235 1801 et
1253 1736 1308 1824 lin]
1326 1741 1432 1800 anime
1447 1757 1504 1800 sue
1521 1734 1706 1817 periculum,
1730 1733 1981 1814 damnumque..

429 1845 545 1928 prefati
573 1846 696 1908 Nicolai
721 1845 847 1928 singula
871 1846 1005 1928 singulis
1029 1847 1241 1926 conputando
1266 1845 1327 1906 levi
1351 1845 1563 1906 estimacione
1587 1845 1725 1906 extimat
1748 1843 1790 1904 ad
1815 1839 1914 1902 XXX
1937 1861 1982 1902 se-

428 1973 575 2035 xagenas
599 1973 644 2032 gr.
669 1953 699 2013 in
724 1954 838 2014 mediis
863 1973 919 2033 gr,
944 1963 1062 2033 petens
1086 1973 1145 2013 eos
1168 1953 1210 2013 ad
1235 1953 1475 2014 restitucionem
1510 1950 1635 2031 prefate
1660 1969 1754 2012 usure
1786 1959 1841 2010 aut
1866 1949 1982 2010 valoris

428 2061 627 2122 solucionem
651 2063 758 2140 cogi..

642 2251 683 2314 A.
713 2269 804 2333 1512,
829 2253 905 2314 Maii
930 2252 980 2326 26,
1004 2255 1034 2314 in
1059 2255 1251 2316 consistorio
1276 2252 1481 2316 Poltoviensi.

536 2373 626 2442 352.
659 2377 758 2460 (Acta
782 2375 866 2440 offic.
891 2377 942 2458 X).
981 2378 1016 2440 In
1042 2398 1140 2440 causa
1171 2379 1282 2440 honor.
1308 2377 1421 2440 Abrae
1454 2377 1585 2459 plebani
1616 2379 1647 2438 in
1673 2375 1838 2440 Branszlro
1870 2387 1983 2439 contra

429 2483 602 2548 discretum
628 2485 797 2548 Nicolaum
831 2487 871 2548 de
895 2484 1087 2566 Vyelathky
1120 2487 1298 2547 ministrum
1331 2486 1468 2546 ecclesie
1492 2505 1558 2550 sue.
1591 2481 1764 2570 [plebanus
1792 2481 1983 2564 proposuitl,

429 2591 595 2672 quomodo
619 2595 689 2674 ipse
715 2591 889 2674 [Nicolaus]
914 2612 1001 2654 anno
1025 2595 1167 2672 presenti
1193 2594 1223 2653 in
1249 2594 1390 2654 crastino
1407 2591 1619 2654 Ascensionis
1645 2591 1715 2662 Uni,
1740 2593 1815 2654 dum
1833 2593 1903 2671 ipse
1920 2591 1984 2670 ple

429 2700 532 2762 banus
555 2702 685 2762 missam
710 2697 890 2762 celebraret
914 2709 1040 2781 etpost
1064 2698 1283 2760 elevacionem
1302 2701 1332 2760 in
1351 2701 1507 2760 memoria
1531 2701 1673 2762 secunda
1698 2700 1738 2760 ad
1755 2700 1856 2761 altare
1873 2707 1984 2780 staret,

428 2817 550 2868 extunc
575 2808 659 2870 idem
685 2809 788 2870 dictus
812 2808 957 2870 minister
989 2809 1223 2886 superveniens
1248 2808 1352 2886 rapuit
1377 2805 1575 2868 offertorium
1608 2807 1639 2866 in
1663 2807 1755 2868 altari
1783 2809 1926 2888 positum
1951 2815 1983 2866 et

428 2914 459 2974 in
485 2915 556 2992 ipso
580 2923 656 2976 actu
679 2913 823 2976 violento
848 2923 961 2996 raptus
985 2913 1139 2976 offertorii
1165 2914 1207 2976 de
1230 2910 1320 2976 altari
1345 2923 1378 2975 et
1404 2925 1616 2992 pertractum
1642 2914 1725 2994 pelle
1750 2924 1783 2976 et
1807 2911 1984 2994 corporalis

429 3021 560 3082 calicem
585 3023 687 3083 movit
711 3035 743 3082 et
768 3023 894 3083 interim
919 3021 1043 3102 aliquas
1066 3033 1178 3103 guttas
1201 3023 1366 3101 sanguinis
1391 3019 1509 3082 Christi
1533 3022 1575 3082 de
1599 3021 1697 3083 calice
1722 3021 1842 3092 effudit,
1867 3031 1900 3082 et
1925 3021 1984 3082 nisi

429 3129 499 3208 ipse
530 3127 690 3208 plebanus
721 3130 751 3190 in
776 3129 931 3190 memoria
963 3139 1054 3192 stans
1085 3129 1219 3190 calicem
1253 3130 1298 3190 sic
1323 3128 1494 3190 cadentem
1528 3127 1717 3190 festinanter
1748 3130 1984 3208 intercepisset,

429 3235 563 3296 totalem
589 3236 778 3318 sanguinem
804 3234 924 3298 Christi
949 3235 988 3297 de
1006 3235 1105 3297 calice
1126 3236 1300 3306 effudisset,
1327 3247 1443 3314 petens
1466 3239 1572 3317 ipsum
1597 3237 1641 3298 ob
1658 3238 1815 3316 premissa
1840 3247 1874 3296 ut
1891 3235 1984 3296 sacri-

430 3341 537 3422 legum
571 3351 604 3402 et
627 3342 803 3404 violentum
828 3343 1071 3424 profanatorem
1097 3343 1252 3404 divissimi
1276 3345 1469 3404 sacramenti
1501 3344 1665 3424 condigna
1689 3363 1772 3422 pena
1796 3345 1910 3424 puniri.
1942 3341 1983 3403 Et

429 3447 547 3510 ibidem
572 3449 717 3510 minister
742 3469 800 3530 per
817 3471 851 3511 se
868 3469 1062 3529 comparens
1086 3472 1152 3532 quo
1169 3452 1210 3512 ad
1227 3451 1465 3531 proposicionis
1489 3461 1644 3512 contenta
1669 3451 1798 3531 negavit
1822 3459 1984 3512 narrata..

433 3567 542 3635 preter
558 3555 588 3617 id
606 3556 695 3636 quod
719 3556 917 3618 offertorium
942 3557 1081 3620 honeste
1105 3559 1245 3640 accepit,
1270 3567 1302 3618 et
1323 3558 1441 3620 ibidem
1468 3557 1728 3620 reconveniendo
1753 3559 1852 3620 dnum
1878 3557 1983 3637 pleba-

431 3683 506 3724 num
531 3664 711 3744 proposuit,
747 3664 834 3744 quod
860 3666 929 3746 ipse
953 3667 1038 3728 dnus
1065 3666 1225 3746 plebanus
1249 3685 1307 3728 sua
1331 3666 1602 3728 subordinacione
1629 3665 1756 3726 induxit
1779 3665 1877 3726 dnum
1902 3666 1984 3744 capi·

429 3780 560 3832 taneum
594 3769 843 3832 Visleoviensem
876 3791 949 3834 eum
982 3772 1165 3834 accusando
1196 3775 1322 3846 iniuste,
1354 3773 1442 3852 quod
1476 3771 1626 3833 homines
1653 3774 1683 3832 in
1713 3772 1787 3832 villa
1818 3771 1984 3834 Branszko

429 3879 652 3957 percussisset,
681 3897 744 3957 que
769 3899 821 3940 res
845 3881 876 3940 in
901 3899 1006 3940 rerum
1031 3891 1145 3942 natura
1169 3881 1300 3942 minime
1325 3879 1391 3948 fuit,
1424 3881 1498 3960 quia
1522 3899 1566 3940 ex
1590 3881 1802 3962 suggestione
1825 3880 1909 3940 idem
1935 3899 1984 3939 ca·

431 3985 580 4064 pitaneus
604 3987 726 4065 recepit
751 3985 810 4046 sibi
835 4006 953 4066 equum
979 3986 1097 4050 valoris
1114 3986 1240 4048 LXXX
1258 4007 1311 4068 gr,
1338 3988 1477 4048 tunicam
1507 3986 1624 4048 valoris
1648 3989 1740 4048 unius
1765 3985 1869 4048 medie
1893 4005 1983 4048 sexa·

429 4111 521 4171 gene,
545 4091 714 4172 pelliceam
739 4090 835 4154 LXX
852 4113 899 4173 gr.
923 4093 964 4154 de
982 4091 1138 4174 pelliculis
1162 4093 1378 4175 novogrutlrlci,
1403 4105 1520 4174 petens
1544 4095 1649 4174 ipsum
1675 4094 1718 4156 ad
1742 4095 1983 4156 restitucionem

428 4198 646 4278 predictarum
672 4218 776 4260 rerum
802 4211 857 4262 aut
881 4200 999 4264 valoris
1023 4200 1222 4264 solucionem
1246 4203 1352 4284 cogi..

643 4389 685 4452 A.
714 4407 805 4472 1512,
829 4392 907 4454 lunii
934 4410 984 4466 21,
1008 4394 1039 4458 in
1064 4396 1257 4458 consistorio
1282 4395 1485 4458 Poltoviensi.

536 4511 626 4580 353.
651 4515 749 4596 (Acta
765 4515 850 4578 offrc.
864 4517 906 4600 X)
931 4519 964 4581 ln
982 4539 1080 4581 causa
1100 4519 1195 4582 officii
1215 4521 1387 4582 occasione
1405 4520 1600 4583 clericidii
1618 4533 1651 4584 et
1667 4521 1838 4584 occisionis
1854 4521 1984 4585 discreti

430 4621 505 4682 olim
532 4621 659 4684 Alberti
683 4621 840 4686 Kczanka
860 4626 901 4688 de
921 4624 1045 4687 Lomza
1069 4626 1175 4688 clerici
1199 4629 1337 4689 ordinati
1361 4637 1476 4690 contra
1500 4628 1625 4690 nobiles
1649 4627 1790 4704 Paulum,
1815 4627 1983 4690 Nicolaum

430 4739 462 4790 et
487 4727 628 4790 Felicem
653 4750 827 4811 germanos
851 4733 892 4794 de
916 4731 1046 4806 Zaorze,
1072 4755 1153 4814 mgr.
1178 4735 1314 4796 lacobus
1339 4735 1379 4795 de
1403 4735 1539 4796 Brzorze
1564 4736 1735 4812 instigator
1759 4735 1851 4798 officii
1878 4755 1984 4816 repro·

431 4835 530 4897 ducto
554 4857 709 4917 processu
731 4839 935 4900 monitorio..
961 4842 1076 4920 petivit
1101 4839 1233 4902 eosdem
1255 4841 1379 4904 nobiles
1396 4844 1580 4904 sentencias
1603 4843 1984 4904 excommunicacionis..

430 4944 581 5005 incidisse
598 4943 752 5006 declarari
774 4955 807 5006 et
828 4944 932 5008 locum
951 4946 1046 5020 illum,
1070 4949 1102 5010 in
1123 4969 1188 5028 quo
1208 4949 1390 5011 huiusmodi
1408 4947 1602 5010 clericidium
1621 4959 1784 5030 patratum
1810 4949 1876 5018 fuit,
1901 4950 1983 5010 vide·

430 5049 504 5111 licet
529 5051 697 5112 ecclesiam
726 5051 945 5132 parochialem
970 5055 1000 5114 in
1026 5053 1220 5136 Czyrwyn0,
1253 5056 1313 5116 sub
1337 5077 1401 5136 qua
1427 5057 1511 5118 idem
1536 5056 1626 5118 locus
1650 5059 1730 5120 situs
1755 5069 1813 5130 est,
1837 5056 1984 5120 ecclesia-

429 5159 512 5220 stico
540 5157 642 5218 subici
670 5159 842 5220 interdicto
871 5171 933 5222 etc.
965 5161 1008 5224 Et
1032 5163 1151 5225 ibidem
1181 5183 1223 5226 ex
1246 5163 1384 5226 aduerso
1409 5173 1637 5243 comparentes
1670 5163 1803 5238 nobiles,
1835 5163 1984 5227 videlicet

430 5263 547 5326 Paulus
571 5275 604 5326 et
629 5265 755 5328 Felix..
780 5269 1013 5348 allegaverunt,
1038 5271 1126 5348 quod
1151 5271 1211 5350 ipsi
1232 5273 1263 5330 in
1284 5269 1467 5332 huiusmodi
1493 5273 1625 5333 crimine
1648 5272 1832 5334 clericidii..
1856 5269 1984 5332 fuerunt

430 5381 462 5434 et
486 5381 562 5433 sunt
586 5373 716 5433 minime
741 5372 925 5453 culpabiles,
951 5377 1024 5454 quia
1042 5379 1186 5456 germani
1212 5379 1363 5456 ipsorum,
1388 5377 1539 5440 videlicet
1563 5377 1743 5442 Stanislaus
1766 5389 1800 5440 et
1824 5377 1984 5443 Nicolaus.

431 5487 465 5540 ut
492 5478 670 5558 culpabiles
699 5492 731 5542 et
760 5483 923 5544 occisores
954 5483 1017 5544 iam
1049 5504 1167 5564 penam
1199 5486 1315 5566 capitis
1346 5487 1519 5565 capitaneo
1553 5485 1727 5548 Lomzensi
1759 5485 1924 5548 solverunt
1952 5496 1984 5547 et

434 5597 508 5664 post
525 5585 588 5647 hoc
605 5588 713 5648 statim
732 5589 763 5650 in
781 5588 940 5652 Prussiam
967 5591 1118 5671 fugerunt
1135 5602 1167 5653 et
1185 5592 1302 5653 ibidem
1321 5593 1532 5654 absentamur
1549 5596 1579 5654 in
1595 5593 1784 5656 hactenus..
1810 5605 1843 5657 et
1866 5593 1984 5656 ibidem

431 5693 462 5754 iu
487 5695 549 5753 vim
575 5693 858 5775 comprobacionis
886 5699 1116 5776 premissorum
1145 5699 1370 5780 produxerunt
1395 5712 1482 5764 certa
1509 5704 1667 5782 rescripta
1691 5702 1732 5762 de
1756 5701 1872 5764 iudicio
1897 5721 1984 5764 secu-
