4458 6674
405 669 465 740 106
880 673 974 725 acra
994 671 1116 725 1un1cn
1134 673 1270 724 necrus
1290 671 1478 724 arocuusrs

899 768 1252 775 ——--.—-—
1258 767 1352 774 ——-
1359 768 1444 774 —

506 887 588 951 Item
613 888 795 951 conductus
819 897 870 950 est
886 885 1040 950 Nicolaus
1066 887 1171 966 pictor
1194 887 1235 950 de
1260 887 1421 949 Posnania
1445 907 1504 968 per
1520 885 1640 948 Rmum
1666 907 1726 968 pro
1743 887 1950 967 depingenda

400 997 542 1077 imagine
567 993 717 1058 Crucifixi
748 993 826 1056 alias
851 995 950 1056 modo
974 994 1087 1056 debito
1119 1005 1152 1056 et
1176 994 1206 1055 b.
1229 993 1398 1076 Virginem
1432 1005 1536 1058 totum
1561 995 1681 1074 palium
1715 995 1822 1055 lazuro
1846 994 1951 1056 electo

400 1121 473 1164 cum
498 1102 600 1164 stellis
623 1102 729 1163 aureis
754 1103 861 1180 parvis
886 1111 919 1163 et
943 1098 1077 1162 fimbriis
1101 1102 1214 1175 aureis,
1239 1121 1262 1164 s.
1287 1101 1464 1163 iohannem
1489 1104 1520 1162 in
1547 1100 1632 1180 palio
1656 1101 1757 1162 rubeo
1782 1121 1854 1162 cum
1879 1101 1950 1162 rari·

400 1209 461 1272 bus
474 1209 510 1290 (s)
526 1210 631 1272 aureis
648 1221 722 1272 ets
740 1206 970 1290 Magdalenam
988 1207 1133 1270 totaliter
1149 1227 1221 1270 curn
1240 1227 1327 1279 aurn,
1345 1207 1466 1270 solucio
1483 1229 1540 1270 sua
1557 1210 1617 1269 erit
1637 1227 1696 1268 sex
1713 1227 1950 1288 sexagenarum

400 1317 591 1387 successive,
608 1315 756 1397 perfecto
772 1337 851 1378 vero
865 1327 937 1378 toto
954 1315 1064 1378 labore
1082 1335 1144 1376 una
1161 1335 1328 1396 sexagena
1345 1313 1473 1377 residua
1489 1327 1583 1378 sexta
1600 1313 1704 1376 eidem
1722 1315 1788 1376 dari
1806 1313 1951 1376 debetur.

613 1509 655 1571 A.
685 1507 776 1590 1506,
801 1509 876 1570 Maii
903 1526 930 1590 2,
954 1510 985 1570 in
1009 1508 1110 1570 Plock
1134 1510 1165 1570 in
1190 1510 1278 1570 curia
1301 1509 1487 1590 episcopali.

509 1630 599 1699 247.
623 1633 721 1712 (Acta
745 1635 843 1716 episc.
868 1633 927 1714 la).
965 1633 1122 1696 Testes
1153 1654 1195 1695 ex
1218 1633 1326 1696 officio
1350 1634 1392 1695 ad
1415 1632 1645 1696 verificandum
1669 1632 1950 1713 dispensacionem

404 1739 527 1804 Nicolai
552 1739 741 1804 Obidzinski
766 1761 863 1821 super
887 1738 1122 1802 homicidio
1146 1741 1299 1802 inducti..
1324 1744 1578 1822 deposuerunt..

508 1847 672 1910 Primus
703 1851 797 1910 testis
828 1847 940 1910 honor.
973 1848 1056 1909 dnus
1087 1845 1256 1928 Andreas,
1293 1849 1485 1926 parochialis
1517 1848 1653 1909 ecclesie
1685 1850 1715 1908 in
1748 1847 1952 1925 Camerryecz

401 1965 515 2022 rector.
548 1954 654 2016 medio
677 1957 859 2016 iuramento
891 1954 931 2016 de
956 1973 1033 2016 casu
1066 1953 1228 2016 homicidii
1260 1953 1386 2016 Nicolai
1415 1952 1643 2037 Obydzynslry
1673 1955 1833 2035 deposuit,
1865 1952 1952 2031 quod

402 2073 478 2122 ante
511 2061 539 2122 Il
571 2081 674 2124 annos
702 2072 851 2142 tempore
884 2064 997 2122 estatis
1028 2072 1164 2122 vocatus
1195 2061 1252 2122 fuit
1284 2062 1377 2123 testis
1407 2062 1448 2122 ad
1480 2063 1611 2124 domum
1645 2059 1769 2122 Nicolai
1800 2063 1830 2120 in
1863 2061 1953 2140 Mya-

403 2189 517 2250 czyno,
556 2168 609 2230 ubi
645 2169 779 2230 veniens
810 2169 931 2230 invenit
967 2149 1038 2228 eum
1076 2167 1309 2230 consedentem
1344 2187 1417 2230 cum
1453 2167 1594 2249 plebano
1630 2165 1886 2248 Radzykowsky
1921 2177 1952 2226 et

402 2275 487 2336 inter
511 2275 761 2356 colloquendum
794 2277 881 2356 cepit
905 2295 1044 2348 narrare,
1076 2276 1164 2354 quod
1189 2276 1325 2355 pecunia
1349 2275 1396 2338 lV
1421 2295 1657 2356 sexagenarum
1688 2286 1776 2337 esset
1799 2275 1858 2336 sibi
1882 2275 1953 2336 sub·

402 2392 514 2456 tracta,
547 2393 580 2444 et
603 2384 814 2444 incontinenti
841 2381 917 2444 fecit
941 2383 1088 2444 accersiri
1121 2391 1154 2444 et
1177 2384 1284 2444 vocari
1310 2393 1343 2444 et
1367 2383 1482 2444 adduci
1514 2403 1611 2444 unum
1638 2383 1825 2444 familiarem
1850 2399 1952 2450 suum,

404 2489 457 2570 qui
481 2489 643 2552 adductus
666 2501 716 2550 est
740 2487 848 2568 ligatis
872 2489 1028 2560 manibus,
1060 2501 1093 2550 et
1117 2491 1204 2569 cepit
1228 2489 1336 2552 dicere
1359 2489 1400 2551 ad
1424 2500 1543 2552 testem
1572 2500 1606 2553 et
1629 2491 1802 2571 plebanum
1828 2487 1953 2566 Radzy-

403 2593 558 2674 kowslcy:
582 2595 644 2658 Hic
667 2605 719 2657 est
742 2595 799 2670 fur,
824 2598 878 2676 qui
902 2595 1063 2658 subtraxit
1088 2597 1184 2656 michi
1209 2599 1392 2674 pecuniam;
1421 2607 1455 2659 et
1479 2597 1687 2678 apprehenso
1710 2597 1829 2658 viatico
1853 2593 1953 2656 voluit

402 2721 475 2764 eum
500 2715 680 2782 percutere,
704 2703 763 2764 sed
787 2705 882 2766 testis
907 2701 1079 2782 prohibuit,
1105 2723 1224 2782 rogans
1248 2703 1398 2776 eundem,
1422 2714 1458 2766 ut
1480 2715 1586 2766 atam
1611 2705 1712 2765 atroci
1739 2703 1878 2784 negocio
1902 2701 1953 2762 ab

402 2811 545 2883 stiueret,
577 2811 678 2871 eciam
704 2808 859 2889 pollicens
883 2809 942 2871 sibi
966 2829 1038 2869 cum
1063 2809 1129 2870 dno
1153 2809 1294 2889 plebano
1319 2809 1576 2891 Radzykowslry
1607 2811 1692 2873 dicte
1721 2809 1858 2890 pecunie
1882 2807 1953 2870 sub·

402 2925 506 2981 tracte
528 2917 560 2976 in
585 2935 833 2995 recompensam
865 2915 906 2976 de
930 2917 1069 2996 propriis
1094 2916 1302 2978 solucionem.
1339 2916 1555 2996 Interrogavit
1580 2918 1681 2978 eciam
1705 2915 1844 2978 eundem
1868 2915 1954 2976 sami·

402 3023 527 3096 liarem,
551 3043 692 3103 quonam
719 3023 849 3086 fecisset
874 3025 1043 3103 pecuniam
1068 3021 1219 3098 furatam;
1252 3025 1306 3104 qui
1330 3023 1512 3105 respondit:
1544 3025 1618 3086 Non
1644 3045 1714 3085 sum
1740 3023 1871 3094 furatus,
1896 3022 1953 3083 sed

402 3129 442 3190 ad
460 3129 652 3192 servandum
678 3131 752 3192 dedi
769 3149 825 3192 seu
842 3131 989 3190 commisi
1008 3131 1060 3190 uni
1077 3131 1192 3192 ancille
1210 3132 1241 3190 in
1260 3131 1460 3210 Vyszegrad.
1486 3130 1528 3191 Et
1545 3131 1663 3193 exinde
1680 3133 1809 3210 rogavit
1825 3141 1953 3200 testem,

403 3247 437 3298 ut
455 3257 564 3299 secum
582 3236 776 3318 Vyszegrad
799 3237 978 3306 accederet,
1003 3237 1091 3317 quod
1108 3247 1141 3298 et
1158 3235 1233 3306 fecit
1248 3235 1299 3297 die
1316 3239 1479 3317 sequenti;
1503 3248 1536 3298 et
1552 3239 1634 3300 dixit
1651 3239 1753 3307 testis,
1770 3237 1858 3317 quod
1875 3237 1954 3300 vidit

403 3343 585 3406 venientem
619 3346 649 3404 in
674 3343 869 3424 Vyszegrad
893 3353 1112 3424 metquartum
1138 3343 1307 3405 Nicolaum
1336 3354 1369 3406 et
1392 3344 1512 3407 dictum
1539 3343 1724 3406 familiarem
1749 3345 1953 3407 insedentem

404 3459 480 3530 post
504 3461 631 3532 tergum
656 3451 748 3513 unius
772 3471 814 3511 ex
831 3450 1024 3530 sequacibus
1048 3452 1114 3510 suis
1139 3451 1245 3530 ligatis
1270 3451 1425 3523 manibus,
1452 3471 1548 3533 quem
1573 3455 1666 3514 testis
1689 3453 1826 3514 avisavit
1850 3463 1883 3513 et
1907 3472 1954 3513 ro·

403 3559 500 3637 gavit,
534 3570 568 3620 ut
592 3577 665 3619 eum
690 3558 840 3630 solveret,
874 3577 913 3618 ne
937 3577 976 3618 ea
1000 3559 1171 3619 occasione
1204 3569 1340 3638 accepta
1372 3579 1431 3639 per
1454 3559 1663 3621 civitatenses
1694 3557 1954 3638 suspenderetur,

404 3673 438 3724 et
460 3665 544 3725 inter
574 3675 682 3725 cetera
714 3662 772 3726 fuit
803 3665 896 3726 testis
927 3667 958 3726 in
982 3675 1091 3726 castro
1122 3684 1232 3725 corarn
1265 3665 1437 3744 capitaneo
1469 3677 1504 3728 et
1527 3665 1663 3727 consilio
1695 3665 1849 3738 eiusdem,
1882 3683 1954 3726 cum

403 3773 498 3832 testis
523 3769 643 3832 factum
669 3771 745 3832 dicti
762 3770 926 3832 familiaris
950 3771 1089 3833 honeste
1114 3781 1289 3834 excusaret
1313 3773 1345 3832 in
1360 3771 1421 3834 hec
1440 3774 1553 3834 verba:
1578 3773 1651 3834 Dne
1668 3774 1847 3853 capitanee.
1873 3771 1956 3832 dnus

404 3874 557 3940 Nicolaus
581 3878 742 3940 commisit
767 3877 839 3940 huic
864 3877 1010 3939 familiari
1035 3899 1095 3940 suo
1119 3877 1266 3940 cistulam
1299 3899 1371 3940 curn
1397 3881 1532 3960 pecunia
1558 3879 1804 3941 custodiendam
1836 3887 1869 3939 et
1892 3897 1956 3940 ser·

405 3983 552 4058 vandam,
587 3986 641 4065 qui
666 3986 769 4066 ipsam
796 3988 964 4066 pecuniam
991 3985 1096 4066 puelle
1120 3987 1251 4048 tradidit
1275 3987 1315 4047 ad
1341 3989 1548 4062 servandum,
1581 4007 1734 4067 rogamus
1758 3985 1955 4047 Duationem

405 4099 505 4165 tuam,
529 4089 706 4170 compellas
730 4091 813 4154 hanc
837 4091 978 4173 puellam
1003 4093 1044 4154 ad
1069 4095 1310 4154 restitucionem
1335 4095 1487 4171 eandem;
1511 4095 1584 4175 ipso
1608 4095 1736 4156 dicente
1759 4095 1800 4154 ad
1824 4101 1956 4154 testem:

405 4218 469 4260 non
496 4209 545 4260 est
561 4199 614 4271 ita,
639 4199 697 4262 sed
721 4197 773 4261 hic
798 4199 960 4262 subtraxit
986 4199 1081 4261 michi
1105 4201 1289 4282 pecuniam;
1313 4210 1399 4262 teste
1416 4201 1448 4262 id
1464 4202 1652 4282 inculpante
1677 4209 1710 4262 et
1727 4199 1816 4280 quod
1834 4199 1956 4260 faceret

406 4315 438 4368 et
462 4306 586 4368 diceret
620 4304 807 4384 periculose.
844 4305 887 4368 Et
912 4308 1043 4368 tandem
1076 4308 1190 4368 ancilla
1223 4306 1443 4369 etfamiliaris
1476 4306 1603 4370 fuerunt
1636 4311 1666 4368 in
1691 4319 1800 4371 castro
1830 4307 1955 4368 retenti.

406 4411 515 4474 Testis
539 4423 646 4474 autern
672 4413 750 4474 abiit
774 4413 805 4474 in
829 4413 961 4475 domum
987 4435 1077 4476 suam
1103 4424 1136 4475 et
1160 4415 1372 4495 interrogavit
1397 4426 1472 4493 post
1495 4413 1619 4495 aliquot
1651 4415 1720 4477 dies
1743 4415 1837 4476 testis
1861 4413 1956 4474 Nico.

407 4519 506 4580 laum:
529 4519 605 4598 quid
629 4527 736 4581 actum
762 4529 849 4581 esset
874 4521 914 4581 de
931 4519 1075 4581 familiari
1100 4541 1173 4598 sun,
1199 4522 1252 4601 qui
1270 4521 1440 4602 respondit
1457 4520 1575 4582 eidem:
1599 4521 1706 4582 dimisi
1721 4539 1794 4582 eurn
1812 4519 1955 4594 liberum,

407 4629 533 4706 etipse
558 4629 721 4706 inscripsit
747 4647 781 4687 se
805 4627 924 4689 dictam
951 4629 1119 4706 pecuniam
1144 4628 1334 4690 soluturum.
1357 4627 1505 4690 Tandem
1530 4628 1637 4688 indie
1662 4649 1685 4690 s.
1702 4626 1813 4690 Crucis
1837 4629 1958 4688 audivit

366 4793 368 4800 ,
406 4736 499 4796 testis
522 4735 553 4794 in
571 4732 773 4814 Zakroczym
798 4735 898 4795 adno
917 4733 1035 4815 Dunyn
1062 4733 1280 4814 Golavynsky
1297 4733 1456 4796 referente
1481 4735 1557 4796 testi
1581 4745 1614 4795 et
1631 4733 1772 4796 dicente:
1798 4733 1957 4796 Plebanus

408 4839 562 4903 Nicolaus
594 4841 778 4921 Myaczyno
811 4844 963 4902 rusticum
995 4840 1167 4918 interfecit;
1202 4851 1287 4903 teste
1318 4842 1449 4903 dicente
1480 4853 1513 4903 ct
1537 4861 1601 4904 non
1626 4841 1780 4904 credente
1812 4853 1844 4903 et
1870 4841 1956 4920 quod

407 4949 469 5010 hoc
494 4947 616 5010 diceret
641 4969 683 5010 ex
699 4949 825 5023 iniuria:
849 4957 882 5010 et
899 4947 950 5008 ille
967 4948 1062 5008 dixit:
1087 4947 1310 5010 Certissimum
1329 4959 1386 5020 est,
1412 4947 1484 5026 quia
1507 4949 1570 5009 ianr
1587 4947 1784 5010 exhumatus
1807 4948 1957 5009 inventus

408 5064 465 5116 est.
502 5055 725 5136 interrogatus
749 5057 851 5126 testis,
884 5054 959 5134 quid
984 5055 1080 5116 sciret
1104 5056 1145 5116 de
1170 5055 1256 5117 facto
1280 5055 1330 5117 vel
1354 5055 1538 5128 audivisset,
1571 5057 1754 5134 respondit:
1786 5054 1851 5114 Alii
1876 5053 1958 5116 alter

408 5171 586 5233 autumant,
603 5163 655 5221 alii
673 5163 792 5223 dicunt:
819 5161 987 5232 interfecit,
1004 5159 1068 5223 alii:
1085 5163 1265 5243 suspendit,
1282 5171 1315 5224 et
1332 5164 1382 5224 alii
1400 5163 1523 5224 dicunt:
1550 5183 1586 5223 se
1602 5163 1706 5224 solum
1724 5160 1901 5241 suspendit,
1915 5195 1956 5205 —

408 5287 517 5329 casum
542 5267 810 5330 certitudinaliter
834 5271 935 5330 nescit
960 5289 1020 5330 nec
1045 5263 1122 5330 testi
1146 5268 1300 5330 revelavit
1324 5269 1507 5348 aliquando.

621 5460 663 5524 A.
693 5462 784 5540 1506,
808 5460 876 5522 Iulii
906 5478 951 5534 10,
976 5463 1006 5522 in
1031 5462 1118 5524 curia
1142 5460 1328 5542 episcopali.

517 5581 606 5650 248.
631 5585 730 5664 [Acta
754 5587 852 5666 episc.
877 5585 960 5662 lai..
986 5586 1142 5648 Testes
1167 5587 1197 5646 in
1221 5606 1318 5648 causa
1342 5583 1568 5648 matrimoniali
1592 5587 1675 5646 inter
1699 5583 1826 5646 Petrum
1853 5583 1959 5665 Choy·

410 5697 549 5776 nowsky
573 5705 606 5754 et
632 5693 763 5754 Annam
788 5693 829 5754 de
854 5693 966 5754 Rozan
992 5692 1280 5756 Mlodosthovna..
1306 5693 1494 5754 examinati:
