4458 6674
935 717 1023 766 nunt
1043 715 1120 770 1509.
1739 709 1799 796 137

247 951 377 992 causam
418 931 554 1010 ipsam..
595 930 636 990 ad
671 929 808 991 reditum
845 929 999 990 nobilium
1036 940 1069 990 et
1104 930 1204 1009 ipsius
1240 929 1292 990 dni
1329 927 1481 990 Iohannis
1515 927 1798 1011 Zabrzezynslcy..

248 1037 450 1116 suspendit..

462 1228 502 1288 A.
534 1243 624 1308 1509,
648 1227 853 1309 Septembris
880 1245 927 1301 10,
951 1231 981 1289 in
1006 1229 1199 1289 consistorio
1222 1227 1379 1289 Plocensi.

352 1349 441 1418 294.
466 1352 563 1434 (Acta
587 1353 663 1414 offic
697 1353 771 1434 Ila).
804 1353 838 1414 In
863 1374 961 1414 causa
985 1353 1097 1414 honor.
1123 1355 1176 1414 dni
1201 1351 1336 1414 Andree
1362 1351 1489 1434 plebani
1515 1355 1547 1413 in
1572 1352 1801 1434 Camyenycza

248 1470 361 1521 contra
392 1461 534 1522 nobilem
568 1461 776 1524 Catherinam
808 1462 950 1522 relletam
983 1460 1058 1522 olim
1092 1461 1207 1520 nobilis
1238 1460 1348 1520 lacobi
1381 1461 1421 1522 de
1445 1459 1634 1522 Naborowo
1666 1459 1802 1541 dapiferi

247 1566 569 1648 Zalnoczynryensis
597 1569 680 1628 dnus
707 1568 858 1628 Andreas
885 1569 925 1628 de
952 1567 1170 1648 Naquassyno
1199 1577 1390 1648 procurator
1418 1566 1619 1629 Catherine..
1649 1567 1802 1646 produxit

246 1684 478 1736 testamentum
496 1675 648 1754 originale
674 1674 747 1735 dicti
767 1675 841 1734 olim
861 1675 977 1735 nobilis
993 1674 1102 1736 Iacobi
1120 1673 1254 1753 dapiferi
1272 1677 1362 1736 iuxta
1378 1675 1545 1734 decretum
1567 1674 1620 1735 dni
1638 1671 1800 1746 Officialis,

248 1793 364 1863 petens
381 1785 485 1860 Ipsum
512 1801 689 1842 econverso
707 1782 840 1842 restitui.
865 1781 916 1842 Ex
933 1781 1070 1842 adverso
1089 1780 1293 1858 Augustinus
1316 1781 1357 1841 de
1375 1781 1591 1862 Vyschegrad
1610 1789 1801 1862 procurator

248 1891 377 1971 plebani
409 1891 526 1970 petivit
557 1909 616 1968 per
639 1888 803 1948 dominum
829 1887 950 1948 dictum
976 1898 1208 1950 testamentum
1234 1889 1315 1950 actis
1339 1887 1521 1948 huiusmodi
1555 1890 1735 1950 consistorii
1759 1890 1802 1948 in·

248 1999 387 2076 grossari
416 1997 571 2074 mandari,
602 2017 666 2079 npn
692 1981 928 2073 animo‘ipsum
955 1995 1166 2074 impugnandi
1198 1995 1254 2054 sed
1280 2007 1367 2054 certa
1393 1993 1499 2074 legata
1534 1994 1562 2053 in
1588 1995 1705 2056 eodem
1730 2014 1802 2054 con·

246 2113 337 2164 tenta
362 2101 538 2182 repetendi.
572 2101 613 2162 Et
639 2103 788 2162 dominus
814 2101 1061 2180 ingrossandum
1087 2101 1239 2172 decrevit,
1271 2102 1362 2162 salvo
1387 2101 1504 2162 salario
1531 2102 1735 2164 notariorum.
1769 2113 1802 2162 et

248 2231 287 2271 eo
312 2211 496 2290 ingrossato
528 2211 611 2288 parti
646 2209 889 2270 restituendum.
929 2209 1159 2288 Cuiusquidern
1193 2211 1380 2270 testamenti
1414 2218 1509 2270 tenor
1541 2209 1739 2288 sequebatur
1771 2209 1801 2268 in

248 2315 307 2377 hec
331 2315 464 2378 verba..

354 2423 394 2484 A.
422 2421 459 2483 I).
485 2420 779 2485 MCCCCXCIV..
804 2421 904 2484 XXV
929 2421 1096 2484 Februarii
1120 2443 1184 2502 ego
1209 2423 1346 2484 Iacobus
1371 2423 1411 2484 de
1434 2421 1563 2502 Liczley'
1583 2423 1679 2484 heres
1704 2421 1801 2482 modo

247 2532 314 2592 sive
339 2549 468 2592 exnunc
493 2531 522 2588 in
542 2529 763 2590 Naborowo..
788 2531 883 2590 variis
908 2530 1129 2590 anxietatibus
1147 2531 1279 2592 obviare
1296 2528 1419 2599 volens
1443 2531 1608 2609 signanter
1629 2539 1704 2608 post
1721 2549 1802 2590 mor·

247 2649 314 2698 tem
338 2636 628 2716 dilapidacionibus
652 2656 758 2698 rerum
783 2638 1027 2715 possessionum
1054 2657 1071 2694 a
1091 2637 1161 2696 Deo
1186 2637 1280 2696 michi
1306 2637 1454 2716 graciose
1478 2637 1681 2716 donatarum,
1705 2645 1802 2698 testa-

207 2762 210 2768 ’
248 2753 424 2805 mentum..
449 2743 609 2820 ordinavi;
633 2753 761 2824 optans,
787 2753 821 2804 ut
845 2741 1071 2804 inviolabiliter
1096 2741 1246 2804 voluntas
1271 2763 1343 2804 mea
1369 2754 1567 2822 permanat,
1592 2753 1802 2806 executorem

248 2852 434 2910 testamenti
459 2848 640 2930 inlrapositi
671 2849 794 2930 deputo
828 2861 861 2910 et
885 2851 1017 2928 assigno
1041 2870 1148 2910 vener.
1173 2866 1206 2912 et
1230 2851 1397 2930 egregium
1422 2851 1523 2912 virum
1548 2850 1647 2910 dnum
1672 2849 1802 2910 Paulum

248 2955 376 3018 SuIIslai
388 2956 564 3036 deLiczlty
577 2955 836 3016 archidiaconum
852 2955 1153 3018 Wladislaviensem
1168 2967 1199 3017 et
1211 2955 1473 3018 Polthoviensem
1488 2954 1683 3036 fratremque
1697 2975 1802 3016 meum

247 3084 436 3145 germanum
469 3067 502 3124 in
528 3063 670 3124 Domino
700 3064 899 3124 carissimum
932 3075 965 3123 et
990 3065 1152 3136 maiorem,
1185 3062 1265 3124 dans
1297 3063 1326 3124 ei
1350 3063 1571 3125 omnimodam
1603 3071 1801 3142 potestatem

247 3171 334 3232 bona
366 3169 559 3252 temporalia
591 3181 665 3251 post
691 3189 742 3230 me
767 3169 877 3231 relicta
908 3170 1117 3249 dispensandi
1152 3171 1241 3231 quta
1272 3168 1395 3250 scripta
1426 3180 1459 3230 et
1483 3169 1546 3230 alia
1575 3169 1615 3230 ad
1641 3168 1802 3250 placitum,

248 3287 345 3357 prout
369 3278 579 3358 omnipotens
605 3277 693 3337 Deus
710 3275 770 3336 sibi
788 3275 966 3353 inspirabit,
992 3296 1054 3355 quc
1072 3274 1221 3356 specifice
1246 3276 1377 3337 hicnon
1395 3287 1557 3344 notantur,
1582 3288 1649 3338 turn
1669 3288 1803 3357 propter

247 3385 444 3446 oblivionem
477 3395 547 3446 tum
572 3392 708 3464 propter
732 3403 915 3462 pressuram
942 3381 1137 3443 infirmitatis
1163 3383 1299 3444 testibus
1332 3383 1371 3442 ad
1397 3384 1554 3462 premissa
1583 3385 1709 3446 vocatiS
1733 3404 1802 3464 spe·

247 3489 369 3552 cialiter·
393 3501 424 3552 et
444 3493 579 3572 rogatis:
606 3492 727 3568 prImus
743 3493 837 3550 testis
857 3490 972 3550 nobilis
997 3489 1027 3550 N
1031 3489 1150 3550 icolaus
1167 3489 1208 3551 de
1225 3489 1401 3550 Udimowo
1425 3491 1503 3552 alias
1521 3489 1617 3561 Grad,
1642 3491 1803 3552 secundus

247 3601 340 3660 testis
365 3597 481 3658 nobilis
506 3597 663 3658 Martinus
688 3597 786 3658 irater
809 3616 983 3674 germanus
1016 3595 1055 3655 de
1082 3597 1210 3665 ibidem,
1242 3599 1360 3658 tercius
1385 3597 1478 3657 testis
1502 3597 1620 3658 nobilis
1643 3597 1803 3658 Iohannes

248 3703 377 3764 Martini
410 3703 450 3765 de
475 3701 694 3772 Stroschewo,
732 3714 865 3782 quartus
898 3705 990 3764 testis
1025 3703 1139 3763 nobilis
1171 3701 1325 3764 Nicolaus
1356 3704 1397 3763 de
1422 3702 1605 3782 Kobylyno
1637 3705 1738 3764 eciam
1762 3703 1803 3766 de

247 3809 416 3873 Strozewo
440 3809 538 3872 irater
562 3810 700 3872 amitalis
724 3809 876 3870 Iohannis
902 3811 1129 3888 prenominati,
1163 3811 1293 3888 quintus
1316 3811 1412 3870 testis
1442 3808 1623 3872 Stanislaus
1646 3809 1803 3890 plebanus

247 3919 288 3980 de
312 3919 542 3996 Camyenycza
566 3927 598 3977 et
622 3917 692 3996 ipse
717 3917 862 3978 notarius
887 3917 1048 3996 presentis
1073 3919 1271 3977 testamenti.
1299 3927 1413 3978 sextus
1437 3919 1532 3978 testis
1554 3918 1712 3979 discretus
1738 3917 1803 3978 An-

247 4024 344 4085 dreas
367 4024 501 4084 vicarius
528 4024 568 4084 de
586 4023 827 4104 Camyenycza,
852 4035 883 4082 et
901 4025 962 4083 iste
980 4035 1030 4082 est
1055 4021 1200 4084 altarista
1223 4023 1278 4084 dni
1295 4025 1468 4084 testatoris.
1493 4022 1573 4084 Item
1599 4034 1675 4084 ante
1696 4025 1803 4084 omnia

248 4129 403 4210 profiteor
427 4128 522 4190 fidem
547 4127 749 4202 catholicam,
775 4131 805 4190 in
832 4150 896 4209 qua
920 4141 953 4190 et
979 4149 1043 4190 nou
1068 4133 1097 4188 in
1122 4130 1184 4190 alia
1207 4131 1282 4190 volo
1301 4132 1389 4200 mori,
1414 4129 1490 4190 dum
1515 4129 1605 4192 Deus
1621 4131 1803 4210 permiserit

247 4257 289 4296 ex
313 4257 373 4298 suo
397 4235 513 4297 iudicio
537 4234 678 4316 speciali.
719 4236 801 4298 Item
826 4237 972 4298 existens
1004 4256 1085 4297 unus
1109 4236 1149 4296 de
1175 4235 1244 4296 liliis
1269 4237 1404 4298 ecclesie
1437 4235 1604 4298 militantis
1634 4237 1803 4298 confessus

247 4345 483 4404 communicavi
515 4355 550 4404 et
573 4363 699 4404 sacrum
724 4344 829 4404 oleum
855 4344 1005 4404 desidero
1029 4342 1158 4404 habere.
1199 4343 1280 4404 Item
1305 4343 1500 4404 commendo
1532 4344 1672 4404 animam
1697 4363 1802 4404 meam

247 4461 280 4512 et
304 4470 425 4529 corpus
449 4451 668 4529 omnipotenti
692 4449 766 4511 Deo
791 4450 951 4530 beateque
976 4470 1106 4530 semper
1133 4449 1255 4530 Virgini
1281 4449 1389 4514 hlarie.
1414 4469 1438 4511 s.
1455 4447 1633 4511 Hermolao
1658 4469 1730 4510 eum
1755 4470 1800 4512 so

247 4558 312 4620 ciis.
338 4558 466 4636 totique
489 4557 575 4617 curie
601 4555 723 4628 celesti,
747 4569 780 4618 ut
805 4557 1016 4638 dignarentur
1040 4560 1179 4617 animam
1206 4576 1311 4616 meam
1336 4557 1515 4637 perducere
1539 4559 1570 4616 ln
1597 4557 1701 4618 lucem
1725 4567 1803 4618 eter-

247 4681 332 4722 nam.
372 4661 452 4723 Item
478 4661 554 4743 lego
584 4683 645 4742 pro
670 4665 776 4724 anirna
801 4683 874 4724 mea
899 4663 1078 4724 dotandum
1103 4663 1318 4742 presbiterum
1351 4683 1457 4724 meum
1483 4662 1660 4724 altaristam
1691 4666 1719 4722 in
1745 4662 1803 4724 Ca·

250 4788 439 4848 myenycza,
465 4769 613 4830 videlicet
637 4770 810 4831 discretum
830 4769 995 4830 Andream
1020 4771 1060 4830 de
1084 4769 1206 4832 lllrona
1230 4781 1262 4830 et
1289 4790 1383 4849 quem
1409 4770 1450 4830 ad
1474 4771 1572 4830 vitam
1598 4772 1696 4847 ipsius
1720 4771 1803 4832 circa

246 4875 367 4936 dictum
399 4877 501 4936 altare
535 4896 724 4952 permanere
749 4878 834 4946 volo,
866 4876 1027 4938 domiCula
1060 4878 1163 4936 eirlem
1188 4887 1374 4938 constructa
1407 4897 1467 4957 pro
1492 4879 1571 4936 meis
1601 4879 1746 4954 pecuniis
1770 4887 1803 4938 et

247 4980 363 5043 salario
387 4993 478 5042 certo
502 4982 641 5043 eundem
666 4984 807 5044 salariari
835 4984 919 5051 vol0,
951 5003 1083 5044 censum
1110 4984 1214 5044 eidem
1248 4985 1278 5042 in
1304 4983 1330 5045 Il
1357 4985 1478 5044 mansis
1503 4983 1617 5044 locatis
1643 4983 1721 5044 alias
1744 5004 1803 5063 per

247 5087 442 5150 kmethones
466 5089 495 5148 ln
520 5089 616 5149 dictis
640 5091 760 5150 mansiS
785 5091 966 5150 residentes
999 5091 1029 5150 in
1054 5089 1127 5149 vllla
1152 5089 1341 5152 Naborowo
1365 5091 1496 5170 assigno
1528 5102 1560 5150 et
1585 5110 1643 5170 per
1668 5110 1803 5170 presens

247 5206 479 5257 testamentum
505 5195 632 5256 ascribo
657 5196 761 5256 eidem
779 5199 871 5256 annis
889 5197 1021 5278 siugulis
1046 5195 1208 5276 profesto
1234 5217 1256 5257 s
1274 5197 1404 5257 Martini
1430 5197 1630 5268 solvendum,
1655 5198 1803 5276 exceptis

247 5313 279 5364 et
302 5303 444 5380 demptis
476 5302 641 5363 laboribus
673 5304 833 5363 dictorum
867 5303 1079 5363 lemethonum
1113 5323 1185 5363 cum
1218 5305 1373 5384 expensis
1405 5304 1625 5383 quottidianiS,
1656 5303 1696 5362 ad
1722 5323 1802 5382 quas

247 5410 353 5470 eidem
377 5409 501 5470 dandas
526 5421 627 5470 meet
645 5429 851 5470 successores
878 5429 969 5471 meos
993 5410 1136 5470 altariste
1154 5431 1214 5489 pro
1231 5421 1380 5489 tempore
1406 5411 1560 5472 existenti
1585 5410 1696 5490 obligo
1714 5412 1801 5472 iuxta

246 5516 507 5596 possibilitatem.
532 5516 613 5576 Item
638 5515 743 5576 eidem
770 5517 952 5594 presbitero
976 5515 1145 5595 pelliceam
1172 5513 1336 5596 vulpinam
1354 5520 1509 5576 maiorem
1527 5519 1610 5596 lego,
1636 5517 1717 5576 Item
1734 5516 1802 5578 Sta-

246 5621 349 5682 nislao
367 5620 506 5700 plebano
533 5623 562 5681 in
581 5619 807 5701 Camyenycza
827 5620 902 5702 lego
919 5624 1136 5702 subtegumen
1154 5620 1319 5700 vulpiuum
1345 5623 1424 5684 alias
1441 5625 1543 5702 firrro.
1570 5621 1650 5683 Item
1668 5624 1801 5684 Iohanni

247 5729 366 5788 vicario
391 5729 465 5809 lego
489 5729 630 5788 tunicam
654 5728 790 5790 ‘flaveam
816 5741 848 5789 et
865 5730 954 5790 alteri
981 5731 1099 5790 vicario
1124 5728 1257 5790 Iohanni
1275 5728 1432 5808 Sobanya
1456 5729 1531 5810 lego
1548 5731 1640 5790 aliam
1660 5733 1801 5790 tunicam

354 5859 410 5897 Acta
423 5855 574 5897 ecelesiastica.
590 5855 626 5897 111.
1663 5850 1696 5902 18
