4392 6672
811 649 989 700 ANNORUM
1011 646 1196 702 rtet-148⁶.
1740 663 1779 728 53

229 745 328 752 ,-.-
341 746 345 750 ,
384 745 472 751 .....-..—
485 745 492 750 ,
512 743 614 750 ἡ...
860 741 1471 750 ῳ--ῄ--ῼ

229 865 337 926 medio
363 885 486 938 manso,
510 885 552 926 ex
570 883 635 943 quo
660 883 723 924 non
742 875 818 926 sunt
835 863 895 924 alia
911 862 1066 925 derelicta
1091 883 1150 942 pro
1168 862 1334 924 locacione
1360 862 1456 924 medii
1481 865 1597 938 mansi;
1621 864 1781 942 presbiter

228 971 388 1053 allegavit,
413 973 488 1051 quia
511 971 616 1034 adhuc
642 982 693 1032 est
716 969 797 1032 alius
822 969 883 1032 bos
906 989 979 1032 cum
1004 989 1101 1032 vacca
1125 989 1186 1049 pro
1211 967 1378 1030 locacione
1402 969 1498 1030 medii
1524 970 1627 1030 mansi
1651 981 1684 1032 et
1708 991 1781 1032 cum

228 1079 289 1140 hoc
314 1077 473 1140 laboravit
498 1087 531 1140 et
554 1076 730 1157 complevit
754 1078 948 1140 tricesimam
976 1096 1034 1154 pro
1058 1078 1164 1138 anima
1187 1074 1343 1150 deiuncti;
1369 1073 1483 1136 nobilis
1508 1074 1666 1156 allegavit,
1692 1080 1780 1157 quod

228 1185 289 1247 ista
314 1204 379 1246 non
404 1183 566 1246 sufficiunt
591 1204 651 1263 pro
675 1184 850 1244 locacione.
887 1183 929 1246 Et
953 1183 1103 1244 dominus
1127 1185 1344 1244 sentenciavit
1369 1182 1553 1263 presbitero
1577 1181 1696 1246 bovem
1720 1205 1780 1264 pro

228 1291 339 1354 labore
363 1302 396 1354 et
421 1290 549 1370 prelato
574 1290 696 1352 Mathie
721 1309 819 1370 super
842 1291 958 1352 eodem
984 1290 1148 1350 silencium
1173 1291 1336 1370 imposuit,
1368 1309 1387 1348 a
1412 1309 1473 1369 qua
1500 1285 1689 1373 [sentencia]
1715 1292 1781 1352 Ma-

229 1398 314 1460 thias
338 1395 516 1478 appellavit
539 1399 581 1460 ad
606 1398 705 1460 dnum
729 1396 966 1478 Episcopum..

441 1588 482 1651 A.
513 1592 603 1670 1485,
628 1588 793 1652 Februarii
820 1601 870 1669 25,
893 1589 924 1650 in
951 1588 1125 1651 Poltowsk.

340 1711 427 1780 141.
452 1715 549 1796 (Acta
566 1713 649 1776 offic.
669 1714 718 1795 V).
744 1714 778 1774 ln
796 1733 891 1776 causa
919 1713 1034 1776 nobilis
1052 1712 1177 1776 Nicolai
1195 1714 1235 1776 de
1252 1712 1386 1776 Olsewo
1412 1725 1526 1775 contra
1549 1713 1663 1774 honor.
1681 1715 1779 1774 dnum

227 1822 439 1903 Stephanum,
472 1820 646 1903 plebanum
678 1823 708 1880 in
734 1819 929 1890 Drozdowo,
953 1821 1072 1882 idern..
1098 1823 1267 1901 proposuit
1292 1841 1352 1901 pro
1377 1841 1425 1892 eo,
1459 1822 1533 1900 quia
1557 1822 1680 1900 recepit
1705 1832 1782 1900 post

227 1930 424 1992 kmetbones
447 1940 595 1992 mortuos
619 1931 650 1990 in
675 1925 816 2008 Olsyny:
843 1935 920 2008 post
943 1925 1073 1990 Petrum
1099 1927 1265 2006 Czestnyk
1291 1929 1373 1990 duos
1397 1928 1500 1990 boves
1524 1937 1557 1988 et
1573 1947 1700 2006 equum,
1725 1928 1781 2006 qui

229 2035 348 2099 resedit
373 2038 404 2096 in
429 2055 553 2110 manso,
576 2043 610 2098 et
635 2045 710 2113 post
733 2033 912 2096 Iohannem
938 2031 1052 2114 Glysk,
1086 2035 1139 2114 qui
1164 2035 1267 2096 eciam
1291 2034 1376 2098 sedit
1400 2036 1432 2095 in
1456 2053 1579 2106 manso,
1604 2053 1700 2094 unum
1727 2033 1783 2094 bo·

228 2163 310 2218 vem,
343 2154 375 2204 et
400 2151 477 2223 post
501 2141 658 2203 Mathiam
684 2139 795 2202 Zabel(
827 2157 970 2212 vaccam,
1003 2151 1118 2219 petens
1142 2142 1268 2202 restitui
1302 2161 1361 2219 pro
1384 2141 1550 2202 locacione
1582 2159 1781 2224 mansorum,

226 2269 271 2312 ex
294 2269 361 2329 quo
385 2248 576 2320 nonhabet,
602 2268 668 2328 quo
692 2245 832 2310 collocet
857 2267 987 2308 mansos
1011 2245 1223 2309 kmetbonum
1249 2260 1459 2308 mortuorum.
1484 2245 1537 2308 Ex
1553 2246 1693 2310 adverso
1718 2246 1781 2326 ple·

227 2357 330 2418 banus
361 2354 593 2437 respondendo
624 2352 786 2432 allegavit.
823 2354 898 2432 quia
921 2354 1081 2416 dederunt
1105 2353 1164 2416 sibi
1197 2375 1256 2434 pro
1281 2355 1422 2416 serviciis
1454 2365 1488 2416 et
1513 2365 1650 2434 propter
1675 2353 1779 2416 Deum

227 2475 260 2524 et
285 2483 345 2539 pro
369 2463 437 2524 istis
462 2461 628 2532 laboravit,
662 2462 736 2542 quia
760 2460 885 2542 vigilias
908 2461 1061 2530 cantavit.
1095 2464 1209 2524 missas
1235 2461 1326 2542 legit;
1358 2462 1489 2541 insuper
1512 2462 1675 2541 allegavit,
1706 2462 1780 2541 quia

227 2579 302 2632 sunt
327 2569 417 2648 plura
441 2567 603 2644 derelicta,
636 2567 752 2646 quibus
776 2577 887 2648 potest
912 2566 1019 2630 locare
1044 2587 1176 2629 mansos
1199 2567 1383 2631 desertatos
1415 2578 1492 2648 post
1517 2577 1657 2630 mortem
1681 2565 1781 2628 homi-

227 2695 302 2736 num
328 2685 529 2738 mortuorum
553 2685 587 2736 et
611 2675 699 2754 quod
724 2677 786 2754 ipsi
809 2674 966 2745 homines
1000 2677 1054 2754 qui
1078 2676 1246 2743 dederunt.
1280 2674 1439 2744 dixerunt,
1464 2677 1553 2754 quod
1577 2672 1696 2736 sufficit
1720 2693 1781 2754 pro

227 2783 402 2854 locucione,
426 2793 460 2844 et
475 2779 539 2843 hoc
563 2781 721 2861 plebanus
745 2779 861 2844 obtulit
885 2803 921 2844 se
938 2782 1183 2862 probaturum..
1208 2781 1260 2842 Ex
1276 2782 1519 2862 composicione
1543 2781 1658 2844 nobilis
1681 2783 1781 2844 stabit

229 2898 411 2966 contentus
443 2885 622 2950 dummodo
655 2889 813 2967 plebanus
844 2889 994 2950 restituet
1025 2887 1053 2950 ll
1077 2888 1179 2950 boves
1211 2900 1244 2950 et
1276 2889 1418 2948 modium
1452 2887 1601 2951 frumenti
1633 2898 1667 2950 et
1689 2905 1712 2965 4
1734 2907 1781 2968 gr.

228 3017 288 3076 pro
312 3015 415 3058 curru.

445 3189 487 3252 Α.
517 3191 607 3269 1485,
633 3189 712 3252 lunii
736 3207 766 3268 9,
792 3191 822 3252 in
847 3188 1015 3252 Poltowsk
1039 3191 1069 3251 in
1094 3192 1182 3252 curia
1206 3189 1392 3272 episcopali.

342 3309 424 3380 142.
449 3313 546 3396 (Acta
571 3316 669 3396 episc.
695 3313 781 3396 llll..
806 3313 934 3378 Nobilis
958 3313 1111 3377 Nicolaus
1128 3315 1312 3395 Wolensky
1328 3335 1471 3376 coram..
1496 3316 1562 3378 dno
1579 3315 1676 3378 Petro
1695 3315 1732 3378 D.
1749 3335 1780 3395 g.

227 3423 386 3502 episcopo
411 3421 590 3484 Plocensi..
615 3423 780 3484 accusavit
813 3423 1050 3484 contumaciam
1081 3421 1193 3484 honor.
1221 3422 1345 3484 Nicolai
1377 3421 1510 3500 plebani
1533 3424 1564 3484 in
1588 3421 1724 3485 Lelowo
1749 3431 1782 3484 et

227 3549 267 3590 eo
291 3541 505 3609 comparente
530 3531 646 3610 petivit
670 3549 706 3591 se
730 3549 789 3609 per
813 3529 912 3591 dnum
937 3527 1139 3608 Episcopum
1163 3531 1205 3591 ad
1229 3549 1359 3592 causam
1384 3530 1518 3592 absolvi.
1551 3527 1781 3611 Quiquidem..

227 3637 311 3698 dnus
335 3635 452 3698 Petrus
476 3638 652 3717 episcopus
675 3633 840 3698 Plocensis
864 3637 895 3696 in
920 3637 1090 3714 presencia
1115 3635 1231 3714 prefati
1255 3636 1380 3698 Nicolai
1411 3639 1519 3717 ipsum
1543 3637 1715 3716 Volensky
1740 3639 1781 3700 arl

226 3763 358 3806 causam
382 3744 555 3807 absolvit..
580 3741 657 3824 Quo
681 3743 833 3805 absoluto
857 3743 943 3804 idem
960 3741 1115 3805 Nicolaus
1132 3743 1291 3822 plebanus
1315 3745 1347 3805 in
1364 3743 1501 3806 Lelowo
1525 3755 1681 3825 tanquam
1699 3746 1780 3823 prin·

227 3851 341 3931 cipalis
372 3852 631 3914 contradictum
664 3849 834 3912 Nicolaum
860 3849 1034 3930 Volensky
1058 3851 1158 3912 verbo
1190 3854 1371 3931 proposuit,
1404 3853 1572 3932 quomodo
1603 3852 1679 3912 dum
1711 3853 1781 3932 ipse

227 3967 318 4020 certa
342 3959 393 4020 die
425 3957 467 4020 de
492 3978 604 4020 mense
628 3958 731 4036 Mayo
762 3977 887 4019 currum
913 3959 1081 4039 proprium
1114 3968 1147 4018 et
1171 3977 1275 4038 equos
1307 3960 1408 4020 eciam
1434 3962 1586 4041 proprios
1617 3978 1690 4020 cum
1715 3960 1782 4022 suis

226 4067 325 4128 certis
347 4065 555 4146 garcionibus
587 4066 628 4126 ad
652 4064 756 4128 sorum
781 4066 811 4126 in
838 4064 1039 4146 Przasnysch
1063 4066 1212 4138 misisset,
1244 4067 1297 4145 qui
1321 4066 1496 4128 redeuntes
1519 4076 1596 4146 post
1620 4063 1724 4126 forum
1749 4068 1781 4126 in

227 4172 359 4234 donnum
388 4173 489 4252 ipsius
513 4170 637 4234 Nicolai
663 4171 794 4253 plebani
819 4175 976 4252 perviam
1002 4173 1147 4234 ducalem
1172 4169 1305 4234 liberam
1330 4193 1389 4253 per
1412 4173 1517 4234 villam
1543 4172 1687 4248 Wisoka,
1710 4175 1782 4254 ipse

229 4278 412 4360 Wolensky
436 4281 651 4341 convocando
675 4279 870 4342 violenciam
894 4280 1019 4360 recepit
1043 4299 1170 4340 currum
1194 4280 1293 4358 ipsius
1318 4280 1447 4360 plebani
1472 4291 1504 4342 et
1529 4279 1558 4341 ll
1582 4281 1726 4342 redarios
1751 4281 1780 4342 111

227 4385 339 4450 valore
363 4385 425 4448 VlI
449 4405 696 4468 sexagenarum,
728 4407 811 4466 quos
834 4387 919 4448 idem
943 4384 1128 4463 Wolensky
1161 4385 1329 4450 conlessus
1353 4400 1404 4450 est
1435 4407 1470 4450 se
1494 4389 1659 4468 recepisse
1690 4389 1782 4451 iuxta

226 4494 584 4556 consuetudinem
610 4503 724 4555 terre
748 4495 831 4556 circa
848 4493 1037 4556 violenciam
1064 4502 1096 4554 et
1113 4495 1153 4554 ad
1170 4495 1358 4556 caucionem
1384 4491 1616 4556 fideiussoriam
1642 4496 1780 4558 dedisse.

227 4599 308 4662 ltem
334 4598 491 4678 plebanus
527 4600 707 4681 proposuit,
743 4601 832 4680 quod
863 4601 950 4681 apud
982 4599 1135 4661 famulum
1166 4619 1258 4662 suum
1283 4602 1444 4663 seniorem
1477 4604 1662 4682 garcionem
1695 4603 1779 4663 idem

227 4705 401 4787 Volensky
425 4707 453 4768 ll
478 4727 665 4787 sexagenas
688 4711 896 4788 pecuniarum
922 4709 1053 4786 recepit,
1085 4719 1119 4768 et
1144 4707 1231 4788 quod
1257 4709 1362 4770 eidem
1387 4707 1529 4790 plebano
1559 4708 1708 4770 iaciendo
1732 4710 1780 4770 ius

226 4816 258 4874 in
283 4835 341 4876 sua
365 4814 440 4876 villa
458 4813 553 4877 Wola
577 4833 687 4876 coram
712 4815 830 4876 eodem
853 4815 971 4877 iudicio
987 4815 1088 4877 verba
1104 4812 1309 4876 infamatoria
1332 4816 1438 4876 intulit
1463 4825 1495 4876 et
1511 4816 1672 4896 irrogavit,
1697 4835 1781 4876 asse·

226 4940 301 4982 rens
325 4941 399 4982 eum
424 4921 590 4992 latronem,
624 4941 688 4984 non
712 4921 834 4984 bonum
858 4922 1074 5002 presbiterum
1106 4923 1164 4984 sed
1188 4922 1307 4984 malum
1332 4922 1510 4992 hominem,
1542 4923 1689 4984 iniuriam
1713 4942 1779 4984 ver·

226 5026 332 5090 balem
358 5029 521 5090 extimans
544 5030 587 5092 ad
610 5025 667 5092 CC
682 5027 749 5092 flor.
766 5027 911 5109 Hungar.
936 5029 1045 5092 Nobili
1069 5039 1242 5110 negante..
1269 5029 1428 5110 plebanus
1451 5029 1603 5110 probabit
1627 5030 1780 5091 intencio·

227 5155 310 5209 nem,
334 5137 368 5198 in
392 5145 548 5216 quantum
573 5143 685 5216 partes
709 5155 775 5198 non
800 5136 1118 5199 concordabuntur..

441 5327 482 5390 A.
512 5330 603 5410 1485,
627 5327 707 5390 Iunii
736 5344 782 5408 17,
805 5330 838 5391 111
861 5331 1057 5391 consistorio
1081 5329 1289 5421 Poltoviensi.

337 5448 425 5518 143.
451 5453 549 5534 (Acta
565 5453 649 5515 offic.
673 5453 725 5533 V).
750 5453 786 5516 ln
803 5473 898 5516 causa
915 5456 1066 5536 generosi
1090 5456 1144 5516 dni
1162 5455 1284 5517 Zemalr
1309 5455 1474 5517 castellani
1493 5455 1779 5534 Wysegradiensis

226 5579 300 5621 cum
324 5560 468 5622 discreto
499 5561 611 5622 Marco
642 5562 682 5622 de
706 5559 889 5632 Uluczewo,
920 5561 1034 5624 honor.
1060 5561 1205 5624 Thomas
1239 5575 1430 5640 procurator
1461 5561 1616 5624 Zemak..
1648 5564 1780 5641 excepit

226 5675 342 5728 contra
374 5685 547 5745 personam
578 5669 678 5746 ipsius
710 5668 811 5730 Marci
842 5667 996 5748 allegans,
1035 5672 1123 5748 quod
1155 5669 1230 5732 licet
1254 5673 1296 5732 sit
1320 5672 1516 5730 constitutus
1547 5671 1578 5728 in
1603 5670 1779 5730 minoribus
