4392 6672
354 669 397 733 30
826 655 920 710 acra
938 653 1064 710 rumen
1081 653 1219 708 roccum.
1238 655 1427 710 rtocnusrs

352 883 448 946 batur
469 900 572 962 usque
603 879 635 940 in
658 875 826 944 hactenus,
858 883 975 954 petens
1005 873 1086 954 ipsis
1117 891 1191 936 cum
1215 875 1337 937 eisdem
1372 875 1497 938 vicariis
1527 877 1686 938 iusticiam
1715 876 1907 939 ministrare.

352 989 406 1054 Ex
429 989 569 1052 adverso
593 983 809 1048 vicedecanus
840 981 971 1043 nomine
996 981 1101 1042 tocius
1125 981 1344 1044 universitatis
1376 983 1568 1044 vicariorum
1593 981 1795 1045 Plocensium
1821 1001 1907 1045 com·

352 1116 471 1180 parens
496 1094 577 1157 dixit
594 1112 629 1154 se
652 1101 687 1154 et
703 1109 781 1152 suos
796 1087 978 1151 confratres
994 1089 1132 1150 vicarios
1149 1097 1328 1170 perpetuos
1344 1087 1519 1152 Plocenses
1543 1089 1725 1152 huiusmodi
1746 1089 1905 1153 decimam

352 1213 480 1286 partem
504 1201 710 1264 oblacionum
735 1215 1002 1278 quarumcunque
1033 1193 1074 1256 ad
1098 1195 1291 1256 solvendum
1324 1197 1428 1259 teneri
1460 1217 1524 1259 non
1550 1197 1670 1260 debere
1700 1199 1791 1260 iuxta
1815 1197 1907 1278 privi-

352 1312 437 1392 legia
460 1312 615 1391 ipsorum,
638 1325 703 1386 que
728 1305 759 1364 in
783 1304 847 1364 vim
874 1301 1081 1382 probacionis
1107 1301 1268 1380 produxit,
1301 1311 1418 1383 petens
1441 1305 1531 1366 iuxta
1556 1314 1702 1366 tenorem
1728 1303 1905 1366 eorundem

352 1420 443 1500 ipsos
466 1415 604 1480 vicarios
635 1415 666 1474 in
690 1412 815 1474 iusticia
838 1411 1037 1487 conservari;
1069 1409 1259 1471 sanctuariis
1290 1411 1393 1472 eciam
1417 1411 1601 1473 dicentibus
1633 1423 1667 1474 et
1692 1411 1907 1495 allegantibus

352 1499 457 1607 ipsam
481 1522 641 1584 decimam
658 1529 784 1600 partem
801 1516 1016 1592 oblacionum,
1041 1515 1279 1578 oliertoriorum
1304 1526 1336 1579 et
1360 1517 1540 1598 spoliorum
1565 1517 1686 1582 dudum
1711 1529 1743 1581 et
1767 1539 1810 1582 ex
1830 1519 1908 1580 anti-

353 1651 418 1714 qua
441 1627 676 1693 consuetudine
707 1625 749 1688 ad
772 1625 863 1708 ipsos
887 1633 1039 1706 spectare
1069 1633 1102 1686 et
1127 1625 1296 1705 pertinere,
1331 1635 1428 1706 prout
1452 1637 1486 1688 et
1511 1627 1590 1707 ipsis
1618 1635 1652 1688 et
1676 1627 1742 1689 suis
1766 1627 1907 1709 posteris

354 1740 492 1802 dabatur
515 1745 549 1798 et
565 1733 761 1807 solvebatur,
785 1731 960 1795 offerentes
976 1751 1012 1793 se
1030 1730 1234 1810 probaturos.
1259 1731 1363 1794 Rmus
1386 1730 1469 1796 dnus
1490 1734 1568 1814 ipsis
1592 1733 1732 1815 probare
1754 1735 1909 1797 intencio-

353 1867 428 1910 nem
453 1863 543 1908 suam
567 1841 742 1913 mandavit,
774 1839 828 1920 qui
852 1839 1064 1902 incontinenti
1088 1838 1170 1900 duos
1194 1847 1298 1901 testes
1322 1840 1439 1901 citatos
1462 1841 1659 1903 induxerunt
1681 1841 1713 1901 in
1738 1841 1907 1922 presencia

353 1954 544 2016 vicariorum
569 1959 721 2031 petentes
745 1946 787 2008 ab
812 1947 890 2028 ipsis
913 1949 1094 2008 iuramenta
1118 1947 1218 2026 recipi
1242 1957 1276 2007 et
1299 1946 1390 2029 ipsos
1415 1946 1547 2009 tandem
1571 1947 1784 2010 examinari..

462 2054 552 2124 200.
577 2056 676 2138 (Acta
700 2056 798 2135 episc.
823 2051 906 2134 lal..
930 2051 1089 2115 Testes
1113 2072 1174 2134 pro
1190 2063 1284 2134 parte
1302 2055 1556 2116 sanctuariorum
1581 2054 1717 2117 ecclesie
1740 2053 1907 2118 Plocensis

352 2167 520 2232 hominum
543 2163 585 2228 de
610 2163 821 2244 Radzyewye
853 2169 887 2222 et
910 2167 1024 2222 contra
1051 2161 1190 2222 vicarios
1214 2157 1387 2224 Plocenses
1411 2163 1585 2224 occasione
1609 2161 1848 2224 offertoriorum
1875 2172 1907 2224 et

353 2275 572 2338 oblacionum:
1678 2279 1681 2288 ’

460 2379 621 2442 Primus
645 2378 740 2440 testis
765 2375 917 2456 providus
941 2373 1104 2437 lohannes
1127 2373 1265 2456 Lysszy,
1300 2377 1455 2458 magister
1478 2379 1557 2440 artis
1580 2378 1711 2448 sutorie,
1735 2378 1814 2440 civis
1838 2375 1908 2438 Plo·

352 2489 490 2552 censis..
515 2485 642 2548 nativus
667 2485 707 2546 de
724 2483 945 2564 Radzywye..
970 2482 1190 2565 interrogatus
1214 2484 1395 2556 summarie,
1421 2485 1498 2565 quid
1523 2484 1583 2548 sibi
1607 2495 1782 2560 constaret,
1806 2505 1847 2546 an
1864 2505 1907 2548 ex

354 2597 486 2676 antiqua
517 2591 752 2656 consuetudine
788 2589 907 2652 dudum
941 2591 972 2650 in
997 2588 1133 2652 ecclesia
1164 2587 1345 2653 kathedrali
1379 2589 1524 2654 Plocensi
1557 2603 1686 2655 servata
1717 2593 1908 2656 sanctuariis

353 2704 460 2785 aliqua
483 2721 560 2782 pars
590 2698 797 2762 oblacionum
829 2707 863 2759 et
887 2695 1043 2758 offertorii
1076 2697 1242 2760 avicariis
1273 2698 1413 2770 cederet,
1446 2699 1624 2779 respondit.
1656 2698 1744 2781 quod
1777 2719 1909 2782 semper

353 2812 496 2874 omnium
522 2805 728 2871 oblacionum
752 2803 908 2867 offertorii
940 2813 974 2866 et
998 2804 1177 2885 spoliorum
1209 2805 1318 2867 vicarii
1342 2808 1492 2887 perpetui
1524 2810 1716 2870 sanctuariis
1747 2808 1908 2870 decimam

354 2929 481 3001 partem
506 2915 686 2988 solvebant,
718 2931 850 2976 causam
874 2912 1012 2975 sciencie
1043 2912 1193 2984 reddens,
1226 2914 1301 2992 quia
1324 2913 1417 2976 testis
1441 2915 1544 2976 eciam
1576 2914 1739 2977 serviebat
1771 2915 1909 2978 ecclesie

353 3046 426 3088 cum
452 3024 521 3087 aliis
545 3021 735 3086 sanctuariis
766 3029 800 3082 et
823 3018 960 3082 tollebat
991 3030 1119 3100 partem
1143 3019 1302 3082 decimam
1335 3021 1478 3082 omnium
1510 3021 1716 3084 oblacionum
1749 3031 1782 3085 et
1806 3023 1908 3084 eciam

354 3131 499 3197 similiter
524 3141 599 3212 post
622 3137 763 3191 mortem
787 3129 904 3190 ducum
938 3135 972 3189 et
1002 3127 1232 3208 episcoporum
1263 3136 1297 3190 et
1325 3126 1460 3189 aliorum
1485 3128 1693 3209 prelatorum.
1728 3128 1908 3210 interroga-

355 3253 415 3314 tus,
448 3259 489 3301 an
514 3237 621 3314 aliqua
645 3234 704 3298 suit
728 3234 950 3298 controversia
973 3235 1057 3294 inter
1081 3235 1219 3296 vicarios
1243 3243 1277 3296 et
1301 3237 1503 3298 sanctuarios
1527 3237 1700 3298 occasione
1724 3235 1908 3299 huiusmodi

354 3347 574 3416 oblacionum,
606 3343 784 3426 respondit,
817 3341 905 3422 quod
931 3351 1008 3422 post
1040 3349 1179 3404 mortem
1204 3341 1295 3404 ducis
1319 3341 1488 3404 Wladislai
1512 3344 1595 3404 circa
1620 3345 1818 3424 sepulturam
1844 3342 1909 3406 lue·

353 3461 428 3516 runt
451 3452 551 3515 multe
574 3451 771 3522 oblaciones,
802 3457 836 3510 et
859 3449 903 3510 ita
926 3448 1035 3509 vicarii
1059 3449 1268 3511 attendentes
1299 3450 1528 3531 copiositatem
1553 3451 1694 3530 ipsarum
1719 3451 1909 3512 sanctuariis

353 3561 395 3622 de
419 3560 498 3642 ipsis
521 3556 721 3639 respondere
753 3555 955 3626 recusabant,
988 3557 1039 3634 qui
1065 3565 1242 3637 postquam
1274 3557 1314 3617 ad
1347 3557 1549 3637 presenciam
1582 3557 1636 3619 dni
1661 3555 1819 3638 Episcopi
1850 3577 1907 3619 seu

353 3666 485 3750 capituli
509 3667 647 3728 vicarios
671 3675 826 3726 vocarent
850 3671 883 3724 et
900 3672 1051 3742 peterent
1074 3661 1272 3724 solucionem
1294 3664 1446 3733 omnium,
1472 3665 1660 3728 mandatum
1685 3675 1717 3728 et
1742 3665 1907 3728 decretum

354 3786 404 3838 est
429 3776 507 3856 ipsis
531 3775 674 3836 omnium
706 3780 741 3834 et
764 3770 961 3852 singulorum
987 3769 1192 3832 oblacionum
1225 3771 1383 3832 decimam
1409 3783 1536 3852 partem
1560 3772 1645 3844 dare,
1679 3773 1733 3852 qui
1757 3782 1790 3835 et
1814 3772 1908 3834 dede·

354 3891 428 3945 runt
452 3891 486 3944 et
511 3879 722 3962 postmodum
747 3877 879 3950 dabant,
903 3897 1006 3957 usque
1030 3879 1062 3938 in
1087 3879 1252 3940 hactenus.
1277 3875 1354 3940 Alia
1378 3879 1490 3940 nescit.

461 3987 684 4051 Secundus
707 3985 801 4049 testis
826 3985 1006 4047 laboriosus
1031 3983 1186 4046 Nicolaus
1210 3983 1336 4066 Sdbylr,
1360 3985 1496 4048 lrmetho
1519 3987 1561 4047 de
1586 3985 1787 4066 Radzywye,
1811 3987 1908 4048 etatis

353 4116 511 4160 annorum
535 4097 616 4158 citra
639 4094 826 4176 nonaginta,
858 4093 1024 4154 serviebat
1047 4093 1109 4154 iam
1134 4091 1280 4160 ecclesie.
1313 4094 1444 4174 quando
1468 4093 1551 4154 dnus
1575 4093 1711 4156 lacobus
1734 4096 1909 4174 episcopus

354 4201 519 4266 Plocensis
551 4213 697 4264 mortuus
721 4210 772 4264 est
802 4211 836 4264 et
860 4200 1007 4280 sepultus
1037 4201 1069 4260 in
1094 4198 1231 4262 ecclesia
1262 4198 1441 4262 Plocensi..
1474 4199 1696 4281 interrogatus
1727 4201 1909 4270 summarie,

353 4331 393 4373 an
419 4311 610 4374 sanctuariis
641 4309 764 4389 aliquas
797 4327 873 4389 pars
905 4307 1121 4378 oblacionum,
1157 4307 1334 4387 spoliorum
1367 4317 1401 4370 et
1432 4305 1670 4370 offertoriorum
1703 4327 1745 4369 ex
1776 4307 1909 4388 antiqua

353 4417 588 4481 consuetudine
613 4438 632 4478 a
655 4416 782 4480 vicariis
806 4415 1004 4486 solvebatur,
1037 4415 1207 4496 respondit
1231 4415 1335 4485 testis,
1367 4415 1455 4494 quod
1480 4434 1610 4496 semper
1633 4415 1825 4476 sanctuariis
1849 4414 1909 4476 sol-

354 4525 492 4590 vebatur
523 4526 650 4586 decima
674 4543 750 4605 pars
781 4543 841 4606 per
864 4524 1002 4584 vicarios
1026 4525 1095 4585 sine
1119 4520 1248 4602 aliquali
1272 4521 1491 4594 recusacione,
1523 4541 1653 4584 causam
1679 4523 1817 4584 sciencie
1842 4521 1909 4583 red·

355 4634 445 4708 dens,
469 4635 545 4713 quia
568 4633 662 4694 testis
686 4641 721 4694 ut
738 4629 790 4692 alii
807 4631 980 4693 sanctuarii
1004 4629 1167 4692 serviebat
1192 4627 1328 4692 ecclesie
1353 4628 1529 4692 cathedrali
1554 4626 1702 4691 Plocensi
1726 4637 1760 4690 et
1779 4647 1909 4710 semper

355 4741 513 4804 decimam
546 4751 673 4820 partem
705 4757 778 4800 cum
803 4739 871 4801 aliis
903 4735 1047 4800 tollebat.
1088 4735 1310 4816 interrogatus
1341 4735 1382 4798 de
1406 4735 1628 4798 controversia
1659 4739 1742 4798 inter
1772 4737 1909 4798 vicarios

353 4859 388 4910 et
411 4847 614 4909 sanctuarios
646 4866 705 4925 pro
728 4845 822 4908 dictis
846 4843 1079 4916 oblacionibus,
1111 4844 1279 4906 offertorio
1310 4851 1344 4906 et
1368 4843 1488 4924 spoliis,
1520 4844 1699 4924 respondit,
1730 4842 1817 4923 quod
1843 4861 1907 4903 uno

354 4953 457 5017 semel
479 4964 556 5035 post
580 4954 780 5035 sepulturam
805 4954 895 5016 ducis
920 4951 1097 5026 Wladislai,
1131 4951 1280 5014 videntes
1303 4952 1532 5032 copiositatem
1557 4951 1776 5031 exequiarum,
1801 4949 1909 5012 vicarii

354 5061 548 5125 recusabant
571 5061 649 5142 ipsis
674 5069 801 5142 partem
826 5060 962 5131 solvere,
994 5071 1091 5140 prout
1115 5059 1215 5122 moris
1240 5069 1318 5126 erat.
1350 5059 1482 5120 tandem
1514 5079 1556 5120 ex
1580 5058 1713 5120 decreto
1737 5057 1790 5118 dni
1817 5056 1909 5138 Epis·

352 5169 427 5249 copi
451 5189 507 5229 seu
532 5167 673 5248 capituli,
699 5179 733 5231 ut
749 5169 843 5231 testis
859 5167 970 5242 credit,
995 5165 1083 5229 lacto
1099 5168 1259 5229 decimam
1285 5176 1412 5247 partem
1436 5167 1580 5228 omnium
1598 5165 1805 5226 oblacionum
1829 5165 1910 5244 ipsis

353 5276 520 5339 solverunt
544 5285 577 5336 et
601 5295 732 5356 semper
756 5273 928 5340 solvebant
953 5295 1056 5356 usque
1080 5275 1112 5336 in
1137 5273 1302 5336 hactenus.
1328 5271 1404 5335 Alia
1428 5275 1539 5335 nescit.

568 5465 609 5530 A.
639 5481 730 5548 1501,
754 5466 823 5530 Iulii
845 5485 875 5546 9,
900 5468 932 5529 in
956 5467 1146 5530 Wisskowo
1171 5469 1202 5528 in
1227 5469 1314 5528 curia
1338 5466 1527 5548 episcopali.

462 5589 552 5659 201.
585 5593 683 5675 (Acta
706 5597 806 5676 episc.
830 5593 937 5674 Vlll..
969 5593 1127 5655 Providus
1159 5591 1312 5654 Nicolaus
1336 5589 1472 5668 Colan0,
1504 5601 1611 5653 sartor
1644 5590 1685 5651 de
1708 5587 1908 5660 Polthowslr,

353 5713 469 5767 contra
492 5702 605 5764 bonor.
630 5701 807 5764 iohannem
832 5701 1008 5783 plebanum
1033 5701 1075 5763 de
1099 5699 1259 5764 Clulrowo
1283 5707 1469 5780 presentem
1495 5699 1595 5760 verbo
1620 5697 1799 5780 proposuit,
1832 5717 1908 5778 quo·
