4458 6674
951 662 1052 715 ,ΑΝΝΙ
1071 659 1147 717 1510.
1767 679 1824 744 145

305 753 345 764 0.-
381 755 812 764 .-.-.-——---—---—-—--—--
827 757 917 762 -----
925 756 1249 762 -.-.-...-.-....-...---.-
1263 757 1827 765 —-—-—-·-—-.—-—-—..

271 875 404 960 capituli
428 879 531 940 nostri
546 879 747 956 presenciam
771 877 884 938 honor.
903 879 950 938 vir
966 877 1050 938 dnus
1075 875 1237 952 Nicolaus,
1262 879 1436 938 canonicus
1460 879 1600 940 ecclesie
1624 890 1736 942 nostre
1760 877 1829 940 Plu·

271 988 377 1048 censis
409 995 443 1048 et
467 984 627 1066 plebanus
651 985 692 1045 de
717 983 874 1063 Zagroba,
908 984 1003 1044 nobis
1028 983 1190 1045 humiliter
1221 982 1424 1063 supplicavit,
1458 984 1545 1063 quod
1570 986 1713 1048 decimas
1738 985 1828 1046 infra·

272 1095 408 1173 scriptas
439 1112 576 1152 unacum
610 1092 692 1152 villis
717 1089 956 1170 parochialibus
988 1092 1028 1152 ad
1053 1092 1219 1152 ecclesiam
1245 1112 1335 1152 suam
1361 1094 1393 1152 in
1417 1091 1567 1174 Zagroba
1592 1092 1829 1171 pertinentibus

271 1213 399 1264 atanto
424 1211 582 1280 tempore,
607 1201 695 1260 cuius
719 1200 750 1258 lu
768 1200 964 1260 contrarium
991 1200 1146 1258 memoria
1169 1197 1335 1258 hominum
1361 1216 1425 1259 non
1450 1200 1566 1270 extitit,
1592 1198 1753 1261 videlicet:
1777 1199 1829 1260 de·

272 1311 388 1368 cimam
412 1307 532 1368 ibidem
566 1306 596 1366 in
622 1305 772 1386 Zagroba
803 1325 863 1385 per
887 1325 1001 1366 omnes
1026 1304 1143 1365 milites
1168 1317 1200 1364 et
1225 1303 1420 1367 kmethones
1443 1303 1679 1383 manipulatim,
1711 1307 1742 1366 in
1767 1305 1828 1367 Lu·

272 1415 391 1494 byewo
416 1433 474 1492 per
497 1431 621 1484 omnes,
652 1414 687 1472 in
713 1409 918 1474 Grothkowo
943 1409 1138 1473 Szemanthe
1165 1431 1221 1491 per
1244 1411 1382 1472 heredes
1407 1423 1439 1473 et
1464 1411 1668 1483 ltmethones,
1692 1414 1724 1473 in
1748 1413 1830 1474 Iaro·

272 1521 404 1582 schewo
429 1519 554 1581 Nicolai
579 1530 612 1581 et
635 1517 787 1580 Iohannis
812 1540 870 1599 per
894 1518 1031 1580 heredes
1056 1527 1088 1580 et
1114 1517 1315 1590 kmethones‚
1341 1522 1373 1579 in
1397 1515 1598 1600 Stropkowo
1624 1539 1723 1596 penes
1748 1518 1829 1581 Chu·

272 1630 380 1708 dzyno
413 1648 471 1707 per
502 1626 641 1688 heredes
673 1637 706 1688 et
731 1624 939 1704 kmethones‚
970 1627 1001 1686 in
1026 1625 1208 1704 Chudzyno
1237 1645 1295 1704 per
1326 1625 1464 1687 heredes
1496 1645 1623 1698 omnes,
1661 1627 1691 1688 in
1716 1628 1830 1707 triplici

273 1733 516 1796 Dambrowsko
541 1753 600 1814 per
616 1733 753 1794 heredes
777 1745 810 1795 et
830 1731 1033 1804 kmethones,
1059 1734 1117 1794 sed
1135 1732 1208 1793 villa
1233 1735 1362 1793 nomine
1388 1732 1554 1814 parochie;
1579 1736 1609 1794 in
1627 1732 1830 1796 Smarszewo

269 1843 360 1904 'Pauli
386 1841 572 1922 Wapylslzy
595 1861 654 1920 per
677 1839 816 1902 heredes
841 1850 873 1901 et
897 1837 1094 1900 kmethones
1127 1841 1157 1900 in
1182 1837 1383 1901 Smarszewo
1408 1838 1552 1902 Sbroslai
1582 1853 1615 1904 et
1640 1841 1830 1922 Viszonovy

272 1970 330 2028 per
354 1949 492 2010 heredes
525 1959 558 2008 et
582 1947 792 2021 kmethones,
823 1949 854 2006 in
880 1945 1058 2007 Zakrzewo
1092 1945 1223 2007 Falonis
1256 1967 1314 2026 per
1338 1947 1476 2010 heredes
1508 1959 1541 2010 et
1566 1947 1773 2022 lrmethones,
1799 1949 1828 2008 in

272 2055 472 2135 Starozreby
505 2064 630 2115 tantum
663 2075 722 2132 per
752 2053 901 2128 heredes,
935 2055 992 2114 sed
1026 2054 1097 2112 villa
1131 2055 1261 2114 nomine
1295 2054 1460 2134 parochie,
1494 2057 1524 2115 in
1558 2054 1830 2134 Przeczyschewo

273 2163 479 2224 Mroczkonis
511 2183 569 2242 per
594 2159 743 2234 heredeS,
776 2161 833 2222 sed
860 2161 932 2220 villa
957 2161 1087 2220 nomine
1113 2161 1279 2239 parochie.
1312 2163 1342 2222 in
1369 2160 1540 2241 Lesczyno
1565 2161 1741 2224 Czedronis
1774 2183 1832 2242 per

271 2289 384 2330 ornnes
409 2268 547 2330 heredes
564 2280 596 2329 et
614 2267 819 2341 kmethones,
845 2269 902 2329 sed
926 2266 999 2328 villa
1025 2269 1154 2328 nomine
1179 2267 1341 2346 parochie,
1365 2271 1396 2328 in
1414 2268 1628 2351 Dayedzycze
1645 2267 1829 2342 Sathltonis,

273 2375 492 2455 Swyathoslai
524 2386 557 2436 et
581 2373 835 2454 Praedpelkonis
863 2395 921 2454 ρετ
943 2376 1081 2435 heredes
1114 2394 1240 2444 omnes
1273 2375 1331 2436 sed
1356 2375 1429 2436 villa
1458 2377 1588 2436 nomine
1614 2375 1776 2456 parochie,
1799 2377 1830 2436 in

276 2483 465 2562 Craykowo
491 2503 548 2562 per
572 2501 687 2543 omnes
711 2480 856 2554 heredes,
881 2481 938 2542 sed
965 2481 1036 2542 villa
1062 2483 1192 2541 nomine
1219 2482 1378 2560 parochie,
1404 2485 1435 2542 in
1453 2481 1633 2563 Clenyewo
1658 2481 1831 2544 llllilononis

273 2601 306 2650 et
330 2587 454 2650 Nicolai
480 2599 604 2650 tantum
631 2608 690 2668 ρετ
714 2587 860 2658 heredes,
893 2590 924 2648 in
951 2587 1144 2668 Trambyno
1176 2607 1234 2668 per
1258 2607 1372 2649 omnes
1405 2589 1541 2650 heredes
1573 2595 1605 2650 et
1630 2589 1832 2661 ltmethoneS,

273 2707 306 2757 et
331 2697 404 2757 villa
429 2699 559 2756 nomine
583 2695 747 2775 parochie,
772 2697 802 2755 in
822 2695 938 2774 duplici
964 2695 1189 2774 Manczynyno
1214 2695 1438 2766 Czesthkonis,
1464 2696 1651 2758 Wlothonis
1676 2707 1708 2758 et
1733 2695 1831 2757 Luth.

273 2804 366 2864 leonis
391 2823 451 2883 per
475 2803 620 2872 heredes
646 2803 703 2863 secl
728 2800 801 2863 villa
826 2804 956 2863 nomine
981 2803 1143 2882 parochie,
1168 2803 1198 2862 in
1224 2803 1490 2885 Szwyegoczyno
1517 2823 1574 2883 per
1598 2804 1740 2875 heredes,
1774 2801 1843 2864 sed·

273 2911 349 2971 villa
374 2913 505 2970 nomine
531 2909 694 2990 parochie,
718 2910 749 2968 in
768 2907 914 2970 Smolino
940 2910 1048 2970 binum
1073 2929 1132 2990 per
1156 2909 1293 2970 heredes
1318 2921 1350 2972 et
1375 2911 1576 2980 cmethones‚
1600 2911 1657 2971 sed
1681 2908 1754 2972 villa
1780 2929 1833 2970 no-

274 3019 358 3077 mine
382 3016 544 3096 parochie,
565 3017 754 3076 -ecclesie
772 3035 828 3077 sue
846 3013 1040 3076 confirmare
1064 3017 1280 3097 dignaremur.
1306 3015 1376 3078 Nos
1394 3037 1472 3078 vero
1488 3021 1554 3078 suis
1570 3019 1663 3080 iustis
1680 3017 1831 3099 precibus

273 3125 422 3185 acclinati
446 3124 549 3185 dictas
574 3125 717 3184 decimas
741 3143 813 3184 cum
840 3123 921 3183 villis
940 3124 1177 3201 parochialibus
1201 3125 1431 3205 suprascriptis
1455 3126 1495 3185 de
1512 3143 1673 3186 consensu
1699 3123 1832 3204 capituli

274 3234 374 3292 nostri
400 3230 563 3292 Plocensis
587 3229 792 3300 ratificamus
823 3231 1045 3310 approbamus
1077 3241 1110 3292 et
1136 3232 1339 3309 presentibus
1372 3252 1414 3291 ex
1438 3243 1525 3293 certa
1550 3233 1687 3292 sciencia
1718 3231 1832 3292 confir·

274 3359 407 3400 mamus.
432 3338 468 3399 ln
492 3340 581 3400 cuius
607 3341 650 3399 rei
677 3340 896 3416 testimonium
922 3339 1027 3417 sigilla
1051 3349 1162 3398 nostra
1188 3349 1219 3398 et
1245 3325 1376 3418 capituli
1400 3340 1502 3399 nostri
1527 3341 1733 3419 presentibus
1758 3349 1832 3400 sunt

274 3465 430 3526 appensa.
465 3445 585 3506 Datum
611 3448 641 3504 in
669 3444 807 3504 Ploczko
839 3446 892 3506 die
917 3443 948 3526 (l)
973 3447 1094 3506 mensis
1117 3445 1193 3504 Maii
1218 3467 1244 3506 a.
1271 3447 1308 3507 l).
1333 3445 1584 3508 MCCCLXXX
1627 3447 1833 3508 l'resentibus

275 3551 518 3613 honorabilibus
543 3563 575 3613 et
593 3553 742 3613 discretis
767 3553 841 3612 viris
866 3554 935 3612 dnis
953 3552 1138 3630 lllyeczslao
1163 3552 1297 3625 decan0,
1323 3552 1459 3613 Nicolao
1482 3554 1664 3620 scolastico,
1690 3553 1833 3615 Stiborio

275 3659 512 3731 archidiacono,
539 3659 677 3720 Nicolao
702 3669 844 3730 cantore,
870 3658 1099 3739 Swyathoslao
1124 3659 1268 3729 custode,
1293 3657 1436 3722 Stiborio
1461 3661 1662 3732 cancellario
1689 3659 1832 3720 Iohanne

275 3765 505 3826 archidiacono
530 3764 736 3835 Dobrinensi,
761 3766 858 3827 Petro
883 3765 1018 3838 officiali,
1045 3765 1184 3828 filberto
1209 3769 1249 3828 dc
1275 3765 1554 3848 Gyemyelnycza,
1581 3768 1832 3846 Msaczyszkone

275 3871 315 3932 de
340 3871 528 3944 Holthowo,
561 3871 706 3933 Iohanne
731 3872 895 3947 Pustolka‚
933 3871 1060 3944 lacob0,
1092 3873 1242 3949 cristino,
1275 3873 1416 3936 lilartino
1441 3873 1543 3935 Sczalt
1576 3875 1741 3935 canonicis
1766 3872 1834 3934 Plo-

275 3979 427 4040 censibus
452 3992 484 4041 et
509 3981 577 4040 aliis
602 3979 804 4060 fidedignis„

383 4085 418 4146 ln
443 4088 574 4147 nomine
599 4086 662 4146 Dni
687 4089 790 4146 amen.
828 4085 988 4148 Universa
1013 4090 1158 4166 negocia,
1192 4109 1255 4166 que
1280 4099 1365 4148 stare
1397 4088 1530 4166 cupiunt
1562 4089 1593 4146 in
1618 4096 1704 4147 statu
1729 4085 1833 4146 solido

277 4203 309 4254 et
334 4193 498 4271 perhenni,
523 4192 644 4254 debent
669 4194 797 4272 scriptis
822 4195 992 4254 autenticis
1017 4197 1213 4274 testiumque
1237 4193 1408 4254 aminiculo
1433 4193 1586 4254 roborari.
1620 4193 1756 4254 Proinde
1780 4211 1834 4253 no·

276 4300 379 4360 verint
405 4307 574 4378 presentes
599 4309 631 4360 et
648 4301 771 4381 posteri
797 4301 1000 4380 presencium
1027 4302 1179 4362 noticiam
1204 4301 1350 4368 habituri,
1377 4301 1466 4380 quod
1484 4320 1543 4360 nos
1560 4299 1721 4361 lohannes
1746 4297 1785 4359 D.
1804 4319 1833 4379 g.

277 4407 453 4487 episcopus
470 4405 644 4478 Plocensis,
670 4408 723 4486 qui
740 4427 783 4468 ex
799 4405 897 4468 oflicii
914 4409 1015 4468 nostri
1033 4407 1144 4468 debito
1160 4406 1280 4467 cultum
1300 4409 1394 4469 divini
1421 4408 1566 4476 numinis,
1583 4407 1833 4468 veneracionem

277 4510 471 4575 Sanctorum
497 4512 745 4594 prolectumque
770 4533 792 4574 s.
812 4517 922 4574 matris
940 4516 1075 4576 ecclesie
1100 4516 1163 4596 iugi
1180 4513 1405 4576 sollicitudinis
1422 4514 1541 4584 studio,
1566 4525 1721 4593 quantum
1742 4513 1833 4574 nobis

278 4640 318 4680 ex
335 4619 402 4680 alto
419 4639 611 4680 concessum
637 4619 738 4694 luerit,
764 4621 922 4681 debemus
947 4621 1101 4701 ampliare
1126 4623 1274 4700 curisque
1291 4621 1443 4702 augere1]
1468 4623 1628 4683 continuis
1652 4623 1682 4681 in
1700 4639 1833 4701 gregem

278 4727 474 4787 dominicum
500 4725 647 4787 custodie
672 4737 782 4788 nostre
800 4747 1001 4800 concessum,
1027 4727 1090 4810 [ne]
1109 4727 1239 4808 aliquod
1264 4731 1502 4790 contrarietatis
1528 4727 1731 4790 obstaculum
1757 4747 1835 4807 erga

279 4832 460 4911 profectum
483 4833 686 4912 salutemque
711 4834 868 4912 impediat
892 4835 1082 4906 animarum,
1116 4836 1324 4896 attendentes
1348 4835 1452 4914 igitur,
1486 4837 1572 4915 quod
1599 4856 1638 4894 ex
1665 4837 1761 4896 nimia
1786 4855 1835 4895 ec-

278 4939 376 5000 clesie
410 4941 451 5000 de
474 4938 619 5020 Byelsko
644 4939 837 5021 parochialis
861 4941 1060 5021 aliarumque
1085 4943 1292 5004 ecclesiarum
1319 4941 1549 5022 parochialium
1574 4940 1763 5021 distancia2)
1787 4939 1835 5024 [et

278 5049 426 5129 propter]
451 5067 608 5128 aquarum
633 5047 865 5108 inundaciones
890 5058 922 5109 et
946 5049 1007 5108 alia
1031 5051 1118 5109 varia
1150 5063 1183 5110 et
1207 5050 1334 5110 diversa
1367 5051 1508 5109 maxime
1532 5047 1660 5109 hiemali
1685 5061 1834 5130 tempore

277 5155 482 5216 imminencia
507 5155 741 5235 impedimenta
766 5153 905 5216 fidelium
932 5153 1071 5233 populus
1095 5156 1135 5215 de
1158 5155 1239 5216 villis
1264 5155 1475 5236 infrascriptis
1501 5175 1564 5214 non
1590 5154 1693 5216 solum
1719 5155 1835 5214 divinis

279 5260 392 5324 officiis
416 5282 526 5323 verum
552 5261 653 5322 eciam
679 5253 870 5323 necessariis
894 5265 1000 5343 gracie
1027 5263 1169 5342 privatur
1181 5263 1201 5342 ³)
1234 5264 1460 5338 sacramentis;
1498 5263 1583 5322 unde
1607 5281 1679 5322 eum
1705 5281 1747 5321 ex
1771 5260 1834 5321 hoc

280 5379 449 5431 excrescat
481 5370 653 5432 indevocio
678 5371 789 5452 populi
822 5379 854 5431 et
879 5369 1002 5431 infinita
1028 5371 1251 5450 proveniant4)
1282 5368 1423 5450 pericula
1454 5371 1641 5440 animarum,
1674 5389 1734 5430 nos
1761 5388 1834 5429 cum

280 5474 431 5538 fratribus
455 5478 574 5538 nostris
599 5476 834 5539 deliberacione
866 5497 963 5558 super
987 5477 1047 5538 hiis
1070 5476 1180 5538 habita
1205 5476 1351 5557 diligenti
1382 5475 1520 5556 huicque
1550 5475 1664 5538 morbo
1689 5495 1835 5537 necessa·

389 5699 409 5760 ¹l
428 5703 492 5753 Cod.
513 5703 602 5766 iugeri.
712 5699 731 5766 ¹)
750 5705 813 5753 Coe.
834 5705 992 5754 distauciam.
1103 5701 1121 5769 ⁸)
1140 5705 1204 5754 Cod.
1225 5705 1363 5768 privantur.
1471 5703 1492 5764 ⁴)
1511 5705 1575 5754 (lod.
1595 5703 1751 5767 perveniant.

388 5815 445 5855 Aera
458 5812 610 5856 ecclesiastica.
626 5815 660 5855 lll.
1696 5807 1728 5860 19
