4392 6672
400 653 445 718 60
878 655 970 702 acra
991 653 1113 704 ruorcu
1132 653 1268 704 scetes.
1290 653 1477 702 PmcENsls

1098 747 1106 752 -
1114 744 1439 752 --—---—--—-——-—
1851 745 1957 752 ...—

400 887 504 932 cause.
529 867 581 930 Ex
604 867 744 930 adverso
770 867 881 928 honor.
907 865 1157 929 Bartholomeus
1189 867 1229 927 de
1254 865 1406 946 Caczyno
1434 877 1623 944 procurator
1648 865 1762 946 prefati
1790 867 1879 928 luce
1902 888 1956 929 ex·

401 976 552 1053 cipiendo
585 975 675 1044 dixit,
712 975 786 1053 quia
810 975 993 1053 comparuit
1026 985 1181 1054 tanquam
1214 991 1324 1034 coram
1358 974 1506 1051 personis
1529 972 1723 1035 venerandis
1759 983 1956 1034 nouantem

402 1093 556 1162 tanquam
582 1101 690 1142 coram
716 1080 881 1154 iudicibus,
906 1078 1059 1160 allegavit
1084 1079 1279 1160 excipiendo
1303 1089 1418 1143 contra
1433 1081 1706 1148 commissionem,
1732 1079 1821 1160 quod
1845 1081 1886 1142 sit
1902 1082 1956 1140 im·

400 1199 660 1268 petratacontra
684 1186 1041 1248 consuetudinem
1067 1195 1100 1247 et
1124 1186 1292 1248 laudum
1317 1188 1603 1267 episcopatus
1627 1185 1864 1265 Vilnensis,
1888 1185 1956 1246 Lu-

402 1295 660 1366 ceoriensis‚
694 1294 746 1373 qui
772 1292 990 1362 laudaverunt,
1026 1292 1112 1372 quod
1138 1291 1241 1354 nullus
1266 1293 1376 1354 debuit
1401 1295 1527 1354 evocari
1561 1295 1602 1355 de
1626 1291 1761 1374 prelatis
1789 1293 1958 1374 episcopa·

402 1401 497 1472 tibus,
522 1403 580 1462 nisi
599 1403 687 1482 prius
712 1399 805 1462 suerit
830 1411 986 1480 expertus
1011 1401 1078 1460 iure
1102 1399 1189 1480 apud
1207 1398 1352 1480 prefatos
1376 1401 1561 1481 episcopos,
1585 1401 1638 1480 qui
1656 1413 1772 1463 contra
1796 1400 1955 1482 prefatam

402 1509 672 1570 constitucionem
700 1507 783 1576 iecit,
808 1508 890 1570 dixit
916 1507 1015 1568 lacius
1038 1507 1116 1568 dare
1140 1508 1219 1570 alias
1243 1509 1462 1588 excepciones
1479 1509 1511 1568 in
1527 1510 1651 1587 scripto
1675 1527 1734 1589 per
1750 1517 1853 1570 totam
1871 1508 1956 1570 diem

402 1613 500 1676 hodie
510 1663 516 1676 .
527 1662 532 1674 .

618 1808 658 1868 A.
690 1807 781 1886 1489.
805 1805 913 1868 Martii
938 1822 966 1876 2,
991 1809 1022 1866 in
1048 1807 1242 1868 consistorio
1266 1805 1499 1869 Polthoviensi.

518 1927 601 1994 158.
633 1930 731 2004 (Acta
756 1929 836 1992 offic.
863 1931 909 2006 ll).
951 1931 983 1992 ln
1009 1951 1106 1992 causa
1137 1931 1268 1994 discreti
1299 1931 1428 1994 Mathie·
1454 1929 1608 2013 Vyekyel
1641 1943 1754 1993 contra
1787 1933 1956 2013 providum

402 2037 579 2100 Iohannem
597 2036 739 2112 Thabor,
764 2037 963 2119 oppidanum
989 2037 1263 2111 Polthovieusem,
1288 2039 1373 2102 idem
1391 2039 1564 2119 proposuit
1589 2059 1648 2118 pro
1665 2057 1713 2106 eo,
1739 2041 1813 2118 quia
1830 2058 1954 2099 accom-

404 2145 548 2206 modavit
581 2144 684 2206 eidem
709 2163 781 2206 cum
807 2165 909 2206 uxore
933 2164 992 2206 sua
1018 2146 1113 2205 Anna
1138 2165 1338 2228 sexagenam
1371 2147 1475 2207 minus
1498 2143 1527 2205 ll
1551 2145 1675 2224 grossis
1708 2145 1737 2204 in
1763 2143 1875 2206 solidis
1899 2165 1959 2225 per

403 2251 451 2313 lV
476 2249 597 2313 solidos
621 2253 651 2310 in
677 2271 828 2332 grossum
854 2252 1083 2332 computando.
1118 2261 1233 2330 petens
1257 2251 1409 2333 compelli
1441 2251 1482 2312 ad
1507 2253 1764 2328 restitucionern;
1795 2253 1872 2312 item
1898 2271 1958 2330 pro

404 2377 453 2428 eo,
479 2359 553 2438 quia
577 2357 667 2420 dedit
691 2379 749 2438 per
773 2359 910 2420 eundern
937 2358 1076 2420 litteram
1102 2359 1274 2438 sigillatam
1299 2359 1340 2420 ad
1366 2359 1562 2438 portandum
1588 2359 1701 2420 honor.
1726 2358 1792 2420 dno
1811 2357 1956 2426 Derslao.

404 2465 547 2546 plebano
579 2467 609 2526 in
635 2465 838 2537 Vaschosze;
873 2468 927 2546 qui
952 2465 1085 2527 Thabor
1117 2477 1293 2548 antequam
1326 2468 1466 2528 litteram
1503 2468 1712 2546 presentavit,
1748 2467 1900 2547 apperuit
1924 2480 1958 2528 et

403 2572 493 2634 dedit
517 2585 665 2653 apertam
690 2573 817 2634 cuidam
842 2571 939 2640 nobili
964 2573 1086 2634 Iacobo
1103 2571 1368 2654 Cosyebroczky,
1393 2574 1600 2654 procurando
1624 2574 1729 2635 eidem
1755 2575 1958 2654 persecucio·

404 2700 477 2742 nem
502 2690 535 2741 et
561 2681 851 2742 comminaclonem
883 2680 924 2740 ab
948 2681 1021 2759 ipso
1046 2679 1312 2762 Cosyebroczlry,
1336 2683 1367 2742 in
1394 2701 1457 2761 qua
1483 2681 1589 2744 littera
1612 2680 1848 2753 continebatur,
1882 2701 1957 2762 quo·

405 2787 505 2850 modo
540 2789 610 2867 ipse
641 2785 783 2848 Mathias
815 2789 948 2850 vidisset
982 2789 1065 2850 circa
1098 2787 1237 2850 eundem
1271 2786 1527 2869 Cosyebroczlry
1560 2787 1729 2851 mitrellam
1753 2788 1957 2850 marduream

404 2895 603 2957 subtractam
631 2893 758 2974 prelato
782 2895 848 2957 dno
866 2896 1003 2957 Derslao
1020 2907 1171 2977 tempore
1195 2897 1339 2957 sinodi
1362 2895 1517 2957 celebrati
1541 2897 1571 2956 in
1590 2895 1810 2962 Polthotvslro.
1836 2917 1878 2960 ex
1895 2916 1958 2976 qua

404 3003 614 3082 apparicione
638 3001 746 3064 littere
764 3001 909 3082 prelatus
927 3001 1183 3085 Cosyebroczky
1201 3003 1339 3065 eundern
1358 3002 1514 3065 Mathiam
1538 3003 1806 3083 persequebatur,
1831 3023 1958 3083 percus·

405 3109 514 3170 siones
544 3110 759 3171 comminatur
789 3121 822 3171 et
848 3111 906 3170 nisi
938 3108 1082 3190 fugisset,
1115 3113 1221 3190 ipsum
1256 3109 1375 3172 familia
1407 3111 1459 3170 die
1484 3111 1644 3178 dominica
1675 3111 1705 3170 iu
1730 3111 1830 3190 ipsius
1859 3111 1958 3172 domo

406 3217 628 3296 percussisset,
666 3216 917 3279 dehonestasset
949 3237 991 3278 ex
1023 3219 1257 3298 procuracione
1292 3229 1325 3280 et
1356 3217 1627 3280 subordinacione
1660 3217 1776 3296 prelati
1807 3217 1958 3280 Iohannis
2043 3235 2049 3242 ·

405 3319 552 3398 Thabor;
576 3324 746 3386 extimavit
769 3325 923 3394 iniuriam,
948 3323 1257 3387 dehonestacionem
1282 3327 1322 3385 ad
1347 3323 1374 3387 C
1398 3321 1549 3386 florenos.
1585 3323 1638 3386 Ex
1662 3325 1800 3387 adverso
1824 3324 1958 3386 Thabor

405 3429 545 3491 obtinuit
567 3433 740 3494 terminum
765 3431 1029 3494 deliberatorium
1054 3433 1095 3494 ad
1120 3431 1352 3514 quindenam..

618 3623 660 3686 A.
691 3625 780 3702 1489,
804 3624 929 3704 Aprilis
953 3640 1004 3706 27,
1030 3628 1058 3687 in
1085 3627 1279 3688 consistorio
1306 3624 1532 3687 Polthoviensi.

517 3745 602 3813 159.
627 3747 724 3829 (Acta
741 3748 823 3812 offic.
842 3750 889 3831 ΙΙ).
915 3751 948 3812 ln
966 3772 1063 3814 causa
1081 3751 1235 3813 nobilium
1252 3749 1395 3820 Stiborii,
1420 3748 1582 3820 Iohannis,
1606 3749 1742 3824 Nicolai,
1768 3749 1957 3811 Mroezeslai

405 3857 445 3916 de
469 3853 639 3936 Slrarzyno
671 3867 785 3919 contra
810 3859 949 3921 nobilem
975 3858 1218 3940 Sigismundum
1249 3859 1291 3921 de
1316 3857 1462 3939 Vysocz,
1495 3857 1611 3919 nobilis
1636 3853 1861 3938 Sigismundus
1886 3855 1957 3918 alle-

406 3964 493 4040 gavit
517 3981 719 4044 comparens,
747 3968 913 4044 quomodo
936 3966 1064 4029 illustris
1091 3967 1242 4048 princeps
1267 3965 1348 4027 dnus
1366 3963 1535 4027 Conradus
1551 3985 1668 4028 omnes
1684 3985 1798 4026 causas
1815 3984 1959 4044 quoquo

406 4069 506 4132 modo
523 4081 712 4151 spectantes
736 4075 777 4134 ad
796 4073 899 4136 sorum
921 4073 1086 4154 spirituale
1111 4075 1250 4136 iudicare
1268 4073 1432 4154 prohibuit
1456 4083 1489 4134 et
1506 4073 1566 4133 sub
1583 4071 1615 4133 X
1631 4073 1814 4153 sexagenis,
1839 4071 1960 4133 vallata

406 4197 500 4258 pena,
533 4178 616 4240 trahi
641 4178 819 4259 prohibuit;
854 4183 909 4262 qui
934 4185 1065 4244 territus
1098 4201 1184 4263 pena
1208 4180 1406 4262 respondere
1438 4179 1539 4242 noluit
1572 4180 1792 4260 proposicioni
1816 4177 1903 4240 lacte
1926 4187 1960 4240 et

406 4281 470 4346 hoc
492 4283 627 4348 debebit
659 4285 778 4350 docere
811 4290 1047 4350 constitucione
1080 4287 1240 4368 proseria
1265 4287 1335 4348 vlt·
1364 4286 1446 4348 infra
1469 4297 1603 4348 octavas
1627 4286 1783 4367 Corporis
1807 4283 1959 4349 Christi..

621 4478 663 4540 A.
692 4479 784 4560 1489,
807 4480 951 4562 Augusti
977 4481 1028 4556 26,
1054 4482 1084 4542 in
1109 4479 1278 4546 Poltowsk
1300 4482 1332 4541 in
1357 4481 1443 4541 curia
1468 4477 1654 4561 episcopali.

516 4597 603 4666 160.
627 4602 726 4684 (Acta
751 4607 848 4686 episc.
872 4605 934 4678 llll.
971 4605 1108 4668 Rmus..
1132 4606 1216 4667 dnus
1240 4605 1354 4668 Petrus
1379 4603 1417 4666 D.
1443 4625 1472 4684 g.
1498 4605 1672 4684 episcopus
1696 4602 1869 4678 Plocensis,
1894 4601 1960 4664 Ma-

407 4709 498 4771 zovie
530 4709 748 4782 cancellarius,
781 4731 918 4774 unacum
951 4734 1057 4776 vener.
1082 4715 1158 4774 viris
1190 4712 1262 4774 dnis
1286 4711 1386 4774 Paulo
1409 4709 1534 4773 Sulislai
1567 4713 1607 4774 de
1631 4711 1769 4792 Lyczky
1793 4707 1961 4770 Wladisla·

407 4817 508 4878 viensi
540 4829 574 4879 et
599 4817 820 4881 Polthoviensi
852 4821 1089 4894 archidiacono,
1124 4820 1220 4882 Petro
1244 4818 1538 4900 Pomnychowslry,
1570 4817 1727 4881 Bolestha
1757 4819 1798 4880 de
1822 4816 1959 4896 Zalesye

407 4924 569 4985 canonicis
586 4925 805 4996 Plocensibus,
829 4923 992 4989 Stanislao
1008 4927 1049 4988 de
1068 4926 1258 5006 Naquasino
1276 4927 1454 5007 preposito,
1479 4945 1573 5006 mgro
1592 4925 1809 4988 Wscheborio
1825 4925 1959 4993 decano,

407 5031 551 5094 Martino
575 5033 616 5094 de
641 5031 828 5114 Smyyewo,
852 5033 995 5096 Martino
1020 5033 1249 5114 Roschansky,
1273 5032 1402 5094 Thoma
1418 5031 1648 5113 Sokolowslry,
1673 5031 1808 5094 Cudone
1824 5031 1865 5091 de
1882 5028 1960 5092 Pha·

407 5137 569 5218 lqndzyno
601 5138 733 5220 prelatis
764 5150 797 5202 et
822 5141 985 5202 canonicis
1009 5140 1279 5216 Poltoviensibus,
1310 5139 1538 5211 assessoribus,
1574 5149 1703 5200 attento
1735 5136 1821 5218 quod
1846 5137 1959 5196 honor.

407 5244 490 5307 dnus
514 5244 673 5306 Iohannes
697 5245 956 5328 Pnyenyaschek
980 5247 1156 5307 canonicus
1181 5244 1395 5307 Poltoviensis
1418 5247 1450 5306 in
1475 5246 1628 5306 sinodo
1653 5246 1682 5305 in
1700 5240 1867 5305 Poltowsk
1889 5261 1959 5323 pro·

406 5355 497 5414 ximo
520 5353 683 5415 celebrata
709 5364 847 5436 propter
863 5353 990 5424 multos
1015 5353 1123 5416 varios
1147 5363 1180 5414 et
1197 5350 1409 5415 scandalosos
1432 5373 1589 5414 excessus
1606 5371 1683 5413 suos
1699 5349 1959 5428 condempnatus
2058 5341 2062 5350 ’

408 5458 465 5522 luit
488 5459 677 5523 sinodaliter
705 5461 747 5522 ad
771 5462 1021 5542 permutandum
1046 5461 1246 5540 prebendam
1279 5469 1312 5521 et
1336 5461 1562 5522 canonicatum
1586 5459 1848 5522 Polthoviensem
1874 5473 1959 5526 suos,

407 5568 458 5628 cui
483 5567 567 5628 Rma
591 5569 667 5630 Ptas
699 5589 754 5630 sua
788 5568 831 5629 ob
856 5588 948 5647 spem
974 5569 1114 5630 melioris
1143 5567 1207 5628 vite
1231 5567 1373 5647 graciam
1405 5585 1503 5647 super
1534 5585 1600 5627 non
1626 5565 1842 5646 permutando
1867 5563 1960 5622 bene·

409 5675 479 5737 licio
504 5673 634 5746 fecerat,
668 5677 741 5758 quia
766 5689 833 5738 tum
858 5679 1008 5738 inventus
1032 5687 1083 5737 est
1107 5675 1200 5737 malis
1225 5675 1385 5756 prioribus
1408 5685 1485 5755 post
1509 5678 1621 5753 peiora
1645 5671 1883 5735 accumulacius
1907 5689 1960 5750 pa·
