4392 6672
743 659 746 664 ·
832 661 1011 714 annonam
1034 659 1217 717 raso-1494.
1755 667 1795 746 63

245 751 467 760 ——n--m

243 895 329 956 gere,
362 885 394 936 et
417 876 489 956 ipse
512 875 646 938 scolaris
670 875 785 937 solitus
809 885 859 938 est
882 876 1002 938 multos
1027 886 1156 958 patrare
1181 897 1345 950 excessus,
1377 878 1526 941 videlicet
1550 878 1741 942 violenciam
1765 881 1798 941 in

244 983 384 1050 civitate,
417 981 534 1045 ludeos
565 993 765 1044 mercatores
797 983 938 1061 spoliare
971 995 1004 1044 et
1029 994 1198 1064 percutere
1231 986 1355 1065 ipsique
1389 989 1574 1065 proconsuli
1605 987 1797 1049 obrobriose

244 1091 451 1169 vituperavit;
482 1091 553 1168 ipse
577 1101 667 1153 stans
700 1088 835 1151 decreto
862 1089 934 1150 ttmi
959 1091 1011 1150 dni
1041 1091 1141 1152 voluit
1173 1092 1312 1152 eundem
1344 1091 1385 1153 ad
1410 1113 1500 1153 suam
1526 1093 1618 1155 Ptem
1650 1094 1797 1173 dirigere.

244 1199 329 1257 misit
353 1215 413 1276 pro
437 1217 486 1266 eo,
518 1209 553 1257 ut
577 1205 696 1276 sponte
721 1197 872 1271 venisset,
904 1197 976 1276 ipse
1001 1197 1109 1258 venire
1134 1197 1245 1272 noluit,
1278 1217 1374 1277 quem
1404 1201 1473 1278 ipse
1498 1199 1672 1280 proconsul
1696 1202 1797 1263 servis

243 1305 383 1365 civitatis
408 1303 485 1364 fecit
509 1301 594 1364 illum
614 1305 755 1384 arripere
781 1314 813 1364 et
831 1305 860 1362 in
879 1305 1057 1384 pretorium
1083 1304 1201 1365 ducere
1226 1307 1293 1366 sine
1311 1307 1425 1386 quavis
1448 1305 1662 1369 infamacione
1686 1307 1796 1386 ibique

242 1429 316 1471 eum
342 1408 449 1470 verbis
473 1412 614 1471 correxit
639 1421 672 1470 et
697 1411 726 1470 ei
750 1411 959 1490 compaciens
984 1410 1084 1472 libere
1108 1411 1148 1471 de
1173 1413 1317 1490 pretorio
1342 1411 1418 1474 fecit
1442 1413 1545 1474 redire
1577 1425 1610 1476 et
1635 1415 1797 1484 recedere.

243 1529 275 1577 et
300 1517 414 1597 petivit
439 1517 530 1579 Ptem
556 1515 595 1577 V.
620 1516 747 1590 limam,
781 1527 816 1578 ut
839 1517 1027 1596 dignaretur
1050 1537 1123 1577 eum
1149 1517 1190 1578 ab
1216 1519 1370 1580 instancia
1395 1517 1512 1599 prefati
1536 1522 1669 1582 scolaris
1694 1522 1796 1583 absol·

242 1643 326 1696 vere,
352 1635 385 1686 et
411 1625 484 1703 quia
504 1626 575 1702 ipse
600 1623 733 1684 scolaris
757 1634 889 1684 nonest
914 1625 1147 1686 iurisdiccionis
1171 1624 1238 1686 Ptis
1262 1624 1310 1694 V..
1337 1628 1411 1706 quia
1436 1639 1487 1688 est
1511 1627 1650 1706 simplex
1674 1639 1707 1690 et
1733 1649 1798 1689 non

242 1731 417 1805 ordinatae,
449 1739 558 1792 utatur
580 1731 648 1790 iure
673 1750 745 1790 cum
771 1749 813 1792 eo
837 1729 988 1806 seculari;
1022 1741 1055 1790 et
1079 1731 1193 1810 petivit
1218 1751 1291 1792 eum
1317 1731 1549 1812 condempnari
1575 1734 1605 1794 in
1630 1736 1797 1814 expensis;

242 1841 295 1918 qui
321 1837 425 1899 Rmus
449 1838 518 1900 visa
541 1838 625 1899 iusta
650 1838 812 1916 peticione
844 1847 877 1899 et
901 1839 1021 1897 racioni
1053 1858 1199 1898 consona
1230 1840 1335 1918 ipsum
1369 1839 1540 1901 Derslaum
1573 1841 1614 1902 ab
1639 1843 1798 1904 instancia

242 1946 318 2007 dicti
343 1944 477 2006 scolaris
500 1943 640 2006 absolvit
665 1955 696 2005 et
722 1956 859 2025 propter
883 1943 1061 2005 indebitum
1087 1955 1226 2006 tractum
1252 1965 1325 2005 eum
1351 1949 1380 2005 in
1399 1949 1553 2026 expensis
1578 1949 1797 2029 condempna-

242 2053 296 2125 vit,
330 2072 412 2132 quas
436 2051 518 2114 aduc
545 2073 602 2131 pro
627 2053 798 2113 taxacione
823 2052 1007 2113 reservavit.
1048 2049 1090 2112 Et
1115 2050 1338 2114 nichilominus
1367 2055 1443 2114 visis
1466 2053 1728 2134 deposicionibus
1753 2066 1797 2118 te·

242 2161 338 2222 stium
363 2161 469 2240 ipsum
494 2159 650 2220 scolarem
676 2169 812 2238 propter
835 2159 937 2238 ipsius
962 2169 994 2220 et
1019 2179 1149 2218 suorum
1174 2159 1400 2220 consociorum
1425 2161 1618 2222 insolencia-s
1647 2173 1680 2222 et
1705 2182 1796 2223 exor-

241 2266 408 2335 bitancias,
441 2287 482 2330 ne
507 2266 576 2327 aliis
599 2266 641 2328 de
664 2277 775 2328 cetero
799 2265 959 2346 prodeant
983 2267 1013 2325 in
1039 2267 1236 2346 exemplum,
1268 2267 1298 2326 in
1324 2287 1471 2329 carceres
1496 2269 1572 2348 poni
1598 2269 1795 2330 mandavit..

455 2457 495 2520 A.
527 2476 617 2538 1494,
645 2459 749 2522 Martii
774 2475 826 2538 24,
850 2459 880 2520 in
905 2458 1044 2542 lunyecz
1068 2461 1098 2519 in
1124 2460 1212 2520 curia
1235 2459 1421 2539 episcopali.

353 2582 439 2651 167.
463 2585 560 2663 (Acta
585 2587 682 2666 episc.
707 2583 796 2662 Vll..
822 2581 940 2646 Coram
967 2583 1086 2644 Rmo..
1111 2584 1178 2646 dno
1202 2584 1299 2648 Petro
1326 2584 1362 2644 D.
1379 2605 1409 2665 g.
1432 2587 1589 2664 episcopo
1614 2585 1798 2650 Plocensi..

242 2694 437 2756 iudicante..
461 2691 573 2754 honor.
600 2691 758 2753 Martinus
791 2692 832 2754 de
856 2691 1001 2771 Wanssy
1024 2692 1145 2751 arcium
1171 2691 1346 2753 liberalium
1374 2689 1579 2762 baccalarius,
1615 2693 1730 2755 nobilis
1754 2693 1796 2755 K.

241 2801 351 2862 relicte
375 2799 451 2861 olim
477 2799 593 2860 nobilis
616 2797 768 2860 lobannis
792 2797 928 2858 Harnuk
952 2797 993 2857 de
1011 2794 1157 2858 Obramb
1183 2797 1345 2877 legitimus
1370 2809 1594 2878 procurator..
1618 2800 1649 2860 in
1667 2821 1796 2880 presen-

241 2907 290 2968 cia
313 2907 425 2967 honor.
451 2905 612 2966 leonardi
645 2909 685 2964 de
711 2902 913 2972 Skromowo,
938 2903 1052 2964 honor.
1078 2903 1200 2964 Matbie
1227 2903 1354 2982 plebani
1387 2904 1428 2965 de
1453 2904 1622 2984 Wangri..
1647 2927 1797 2986 procura-

242 3015 352 3075 toris..
378 3012 556 3093 proposuit,
590 3010 758 3091 quomodo
783 3011 823 3071 de
847 3029 933 3070 anno
958 3029 1041 3070 nunc
1065 3010 1205 3070 currenti
1236 3021 1386 3090 tempore
1411 3009 1702 3092 Quadragesime..
1727 3015 1797 3095 ipse

242 3119 382 3182 Mathias
406 3119 565 3200 plebanus
589 3117 630 3179 de
649 3116 783 3197 Wangri
807 3115 889 3177 hora
914 3135 1123 3196 vesperorum
1150 3117 1283 3177 veniens
1307 3117 1338 3176 in
1363 3117 1495 3179 domum
1521 3139 1558 3180 ac
1583 3121 1702 3182 curiam
1729 3141 1797 3202 pre·

243 3227 306 3288 fate
331 3227 462 3287 domine
486 3227 517 3286 in
542 3221 721 3286 Obramb..
746 3243 843 3285 ausus
867 3232 917 3284 est
941 3241 1012 3284 eam
1037 3223 1193 3285 infamare
1217 3241 1326 3284 coram
1351 3225 1448 3286 certis
1474 3226 1587 3304 probis
1610 3227 1796 3289 hominibus

242 3345 317 3395 tunc
341 3333 459 3395 ibidem
485 3332 697 3394 astantibus..
731 3344 797 3392 tam
822 3331 971 3410 personis
996 3329 1154 3397 masculis.
1186 3341 1253 3392 tam
1279 3328 1433 3401 femineis,
1468 3328 1603 3418 [dicens]
1635 3333 1795 3394 videlicet:

245 3443 419 3502 ,meretrix
452 3440 592 3520 pessima
624 3449 658 3500 et
681 3437 841 3512 notabilis,
878 3437 1040 3498 acceleres
1070 3437 1111 3498 ad
1136 3447 1244 3498 actum
1276 3458 1454 3500 venereum
1491 3439 1542 3501 bic
1573 3441 1604 3500 in
1630 3441 1796 3520 presencia

242 3525 420 3608 astancium
445 3565 515 3607 cum
534 3565 622 3614 cane,
646 3547 699 3625 qui
718 3557 826 3605 tecum
850 3553 909 3618 est,
930 3577 968 3586 --
986 3543 1261 3623 subintelligendo
1278 3544 1377 3605 dnum
1394 3543 1636 3624 Sigismundum
1662 3547 1795 3627 palatini

242 3655 317 3714 olim
350 3654 391 3715 de
416 3651 657 3732 Czyebnyew0,
683 3687 724 3696 -
749 3661 783 3711 ut
808 3651 976 3712 videamus
1007 3669 1122 3711 omues
1153 3660 1187 3712 te
1218 3651 1396 3712 caniculam
1429 3663 1462 3713 et
1486 3655 1689 3714 meretricem
1724 3673 1796 3714 cum

242 3781 321 3823 cane
345 3760 468 3832 simul«,
499 3761 649 3821 iniuriose
674 3769 707 3820 et
730 3757 944 3832 infamatorie,
977 3777 1074 3838 quam
1098 3757 1261 3818 infamiam
1286 3769 1319 3820 et
1344 3760 1487 3820 iniuriam
1514 3761 1651 3822 extimat
1675 3761 1716 3821 ad
1741 3757 1796 3822 CC

244 3867 310 3930 flor.
334 3865 600 3948 Hungaricales..
627 3879 743 3945 petens
767 3869 797 3926 in
825 3867 936 3945 petitis
961 3865 1184 3940 condemnari,
1207 3885 1303 3945 quem
1329 3868 1432 3926 eciam
1459 3866 1577 3946 pluries
1601 3867 1715 3928 eadem
1741 3867 1796 3927 do·

242 3979 328 4036 mina
352 3997 411 4056 per
426 3987 534 4036 certos
558 3973 707 4035 homines
732 3974 878 4036 avisabat
903 3984 937 4034 et
961 3971 1116 4033 monebat
1140 3991 1334 4052 agnoscens,
1359 3984 1394 4034 ut
1418 3973 1511 4034 daret
1537 3993 1652 4054 pacem
1676 3973 1735 4034 sibi
1762 3984 1794 4034 et

241 4083 350 4144 domui
375 4103 440 4151 sue,
467 4083 519 4162 qui
542 4099 601 4142 nec
619 4081 810 4149 inhactenus
828 4082 1005 4142 cessavit..
1031 4078 1187 4141 infamare
1202 4082 1314 4160 ipsam,
1342 4090 1438 4158 prout
1455 4079 1575 4142 dudum
1593 4081 1795 4141 consuevit..

348 4189 428 4251 ltem
454 4209 496 4250 ex
520 4188 584 4249 alio
608 4187 694 4250 idern
720 4186 916 4248 baccalarius
942 4189 1072 4247 nomine
1096 4187 1247 4266 generosi
1272 4187 1327 4246 dai
1343 4184 1540 4269 Sigismundi
1565 4187 1617 4248 filii
1642 4187 1717 4248 olim
1743 4207 1796 4267 pa·

243 4297 329 4359 latini
355 4295 396 4358 de
420 4294 652 4375 Czyebnyewo
677 4304 791 4356 contra
817 4294 957 4355 eundem
983 4291 1140 4355 Mathiam
1165 4292 1340 4374 plebanum
1365 4295 1396 4354 in
1414 4293 1547 4376 Vangra
1571 4297 1603 4356 in
1629 4297 1795 4374 presencia

242 4401 403 4464 Leonardi
429 4403 600 4482 proposuit
625 4401 733 4473 verbo,
760 4401 927 4482 quomodo
951 4419 1045 4473 anno,
1070 4399 1122 4462 die
1146 4411 1180 4462 et
1197 4401 1268 4462 loco
1293 4401 1409 4480 quibus
1433 4421 1539 4482 supra,
1564 4403 1636 4481 ipso
1659 4401 1726 4463 dno
1751 4397 1796 4462 Si·

240 4509 413 4590 gismundo
444 4529 518 4570 cum
544 4509 639 4571 certis
663 4508 847 4570 hominibus
870 4508 965 4570 bonis
996 4519 1030 4570 et
1055 4508 1250 4570 notabilibus
1281 4509 1321 4569 ad
1346 4508 1558 4570 collacionem
1591 4507 1709 4570 factam
1739 4527 1796 4586 per

241 4617 337 4678 dnam
363 4615 403 4678 K.
431 4613 567 4677 Harnuk
590 4617 621 4675 in
638 4613 786 4677 Obramb
811 4615 970 4690 veniente,
996 4617 1049 4694 qui
1066 4617 1187 4695 petitus
1212 4634 1275 4676 non
1301 4625 1426 4676 tantum
1453 4636 1512 4694 pro
1534 4616 1712 4676 collacione
1737 4615 1795 4676 sed

243 4745 300 4801 pro
324 4723 516 4786 defensione
548 4723 729 4784 iniuriarum
762 4721 822 4784 sibi
846 4721 1035 4783 inflictarum
1069 4733 1224 4802 tanquam
1256 4743 1314 4784 sue
1338 4724 1459 4784 sororis
1489 4725 1585 4794 venit,
1620 4722 1738 4783 ibidem
1764 4723 1795 4780 in

242 4833 338 4893 stuba
362 4830 480 4893 sedens
504 4833 621 4892 invasit
646 4831 750 4910 ipsum
776 4829 884 4891 verbis
907 4827 1088 4892 inhonestis
1113 4838 1147 4891 et
1163 4829 1384 4892 diffamatoriis
1409 4850 1481 4891 cum
1507 4833 1604 4892 certis
1629 4831 1694 4890 suis
1710 4847 1796 4888 com·

243 4939 379 5019 plicibus
396 4951 486 5000 stans
502 4939 533 4998 in
551 4939 635 4998 curia
660 4956 762 5018 penes
779 4934 954 4997 fenestram
972 4936 1076 5003 stube.
1100 4937 1171 4997 istis
1189 4937 1352 4998 videlicet:
1380 4949 1432 4998 >tu
1450 4939 1540 5007 latro,
1564 4939 1673 5016 inique
1697 4935 1796 4996 homo

242 5057 274 5107 et
293 5045 520 5114 meretricaris,
535 5080 576 5088 -
590 5043 757 5126 tangendo
781 5063 816 5106 se
834 5063 892 5124 per
909 5043 1049 5124 gladium
1076 5045 1104 5104 in
1132 5045 1271 5104 medium
1296 5046 1511 5126 evaginatum,
1526 5079 1564 5088 -
1580 5045 1605 5104 si
1631 5054 1681 5104 est
1706 5045 1735 5103 iu
1763 5053 1794 5100 te

242 5155 468 5233 aliquavena
491 5151 745 5214 nobilitatis
769 5161 809 5213 et
833 5172 876 5213 es
900 5161 1026 5213 natus
1050 5151 1165 5220 bene.
1185 5159 1284 5212 exeas
1303 5152 1343 5213 de
1361 5153 1460 5213 domo
1477 5153 1516 5212 ad
1535 5171 1587 5213 me
1603 5167 1795 5228 mecumque

243 5261 420 5322 contendas
444 5261 572 5332 armis«,
596 5259 658 5320 hoc
683 5261 789 5340 ipsum
814 5259 1014 5338 aliquociens
1038 5258 1196 5338 iaciend0,
1228 5269 1261 5320 et
1286 5261 1345 5321 nisi
1370 5258 1482 5322 fuisset
1508 5260 1670 5340 paciencia
1696 5255 1795 5336 ipsius

242 5365 438 5444 Sigismundi
471 5377 504 5428 et
529 5369 715 5429 reverencia
747 5386 824 5448 erga
849 5375 968 5428 statum
994 5387 1086 5427 suum
1120 5367 1363 5446 presbiteralem
1389 5387 1427 5428 ac
1452 5367 1524 5427 Rmi
1550 5367 1604 5428 dni
1629 5365 1795 5444 Episcopi,

243 5474 448 5536 subsecutum
474 5485 563 5535 esset
587 5472 704 5552 aliquid
730 5474 812 5542 mali,
846 5475 1009 5535 extimans
1033 5475 1179 5534 iniuriam
1204 5485 1237 5534 et
1262 5472 1521 5535 diffamacionem
1552 5473 1593 5533 ad
1618 5469 1702 5533 CCC
1727 5471 1795 5533 flor.

245 5578 507 5660 Hungaricales..

348 5687 473 5748 Eodem
498 5687 550 5748 die
574 5688 684 5748 statim
709 5699 742 5749 et
766 5687 976 5749 incontinenti
1004 5689 1073 5766 ipse
1098 5687 1287 5749 leonardus
1317 5698 1508 5767 procurator
1533 5685 1661 5766 plebani
1686 5705 1794 5746 recon-
