4392 6672
424 675 466 744 50
901 659 995 710 acra
1012 659 1134 712 nrorcrr
1154 660 1289 711 scetes.
1310 658 1497 712 Pnocsxsrs

423 751 1110 760 „...-.-.—-.-.--——--.—-...-.....-..-——-.—-—
1318 748 1660 758 ———.-.—--.—-—u

421 877 532 946 viensi,
557 876 627 952 ipse
644 873 803 952 plebanus
819 875 925 954 ipsum
943 873 1031 936 scole
1049 873 1219 936 servicium
1236 872 1412 954 denegavit
1436 883 1470 934 et
1487 873 1637 952 denegat,
1662 883 1779 954 petens
1796 873 1972 953 plebanum

421 982 654 1060 condempnari
686 983 717 1042 in
743 979 853 1060 latigis
877 991 910 1042 et
934 980 1099 1060 impensis,
1131 999 1213 1058 quas
1236 977 1312 1041 fecit
1342 980 1373 1041 ln
1399 979 1523 1060 Paluky
1547 980 1589 1040 ab
1614 979 1833 1042 UnIversitate
1858 977 1974 1042 Craco·

420 1091 529 1159 viensi,
553 1107 680 1150 necnon
703 1087 744 1149 ad
761 1086 903 1150 dandum
928 1087 1095 1148 servicium
1121 1083 1272 1166 compelli
1296 1085 1385 1148 scole
1409 1087 1439 1146 iu
1465 1087 1550 1148 dicta
1576 1085 1712 1168 I’aluky3
1735 1086 1906 1149 extimavit
1930 1085 1945 1148 I
1964 1119 1974 1132 ·

421 1195 505 1277 tigas
528 1215 602 1256 cum
626 1195 782 1274 impensis
805 1193 847 1254 ad
871 1191 932 1254 XII
957 1192 1024 1256 flor.
1048 1191 1201 1274 Hungar,
1233 1195 1264 1253 in
1290 1193 1406 1272 quibus
1437 1195 1542 1272 ipsum
1569 1194 1683 1282 petivit
1707 1193 1975 1272 condempnari..

420 1301 472 1364 Ex
497 1301 635 1364 adverso
659 1299 818 1382 plebanus
829 1347 852 1362 ..
876 1303 1023 1381 negavit.
1035 1349 1041 1361 .

633 1493 675 1556 A.
704 1509 796 1574 1479,
820 1493 928 1555 Martii
953 1508 1003 1570 27,
1028 1495 1059 1555 in
1083 1493 1277 1556 consistorio
1302 1492 1534 1556 Polthoviensi.

531 1615 619 1684 133.
643 1617 743 1698 (Acta
766 1617 851 1679 olsrc.
875 1617 942 1697 IV).
980 1616 1100 1678 Oblata
1125 1619 1315 1694 citacione..
1341 1617 1458 1680 nobilis
1482 1618 1635 1680 Andreas
1663 1619 1705 1680 de
1730 1616 1877 1680 Modzele
1902 1637 1974 1698 pro

420 1729 530 1807 posuit
554 1727 653 1788 verbo
677 1735 792 1787 contra
816 1723 957 1786 nobiIem
983 1723 1178 1786 Stanislaum
1212 1745 1271 1805 pro
1296 1745 1344 1793 eo,
1377 1726 1465 1806 quod
1490 1726 1565 1786 dum
1591 1725 1708 1786 nobilis
1733 1723 1879 1806 prefatus
1903 1722 1972 1786 Sta·

421 1833 542 1896 nislaus
566 1834 690 1913 recepit
714 1833 743 1892 in
762 1841 880 1894 testem
906 1842 939 1894 et
963 1834 994 1892 ln
1012 1832 1234 1894 testImonium
1259 1831 1427 1894 Andream
1452 1832 1494 1894 de
1511 1831 1667 1898 Modzele.
1693 1833 1778 1894 cavit
1804 1853 1863 1910 pro
1888 1833 1974 1912 peni-

419 1941 536 2013 tencia,
560 1959 753 2020 quecunque
779 1939 862 2000 soret
885 1939 989 2000 eldem
1007 1937 1143 2000 Andree
1168 1939 1320 2000 iniuncta:
1346 1941 1414 2000 sive
1437 1940 1468 1999 in
1486 1938 1692 2002 oracionibus
1714 1940 1783 2000 sive
1807 1939 1838 1999 in
1854 1939 1974 1998 ieiunio

419 2049 487 2110 slve
518 2049 549 2108 in
575 2067 649 2110 cera
672 2045 788 2118 danda,
820 2046 951 2106 racione
984 2045 1099 2124 prelati
1131 2046 1308 2107 testimonii
1339 2056 1373 2108 et
1397 2045 1484 2126 quod
1516 2046 1636 2108 dictam
1662 2046 1879 2127 penitenciam
1904 2044 1975 2124 ipse

420 2154 535 2218 nobilis
559 2152 739 2216 Stanislaus
763 2151 804 2214 de
820 2151 970 2215 Modzele
995 2172 1059 2213 non
1077 2153 1144 2215 vult
1169 2171 1333 2216 assumere
1357 2172 1465 2233 neque
1481 2172 1589 2214 ceram
1615 2174 1673 2232 pro
1690 2173 1731 2216 eo
1748 2153 1833 2230 dare,
1858 2163 1974 2231 petens

419 2261 572 2342 compelli
596 2261 702 2341 ipsum
728 2260 769 2320 ad
794 2259 1024 2322 assumendum
1049 2261 1239 2338 predictum.
1266 2258 1317 2322 Ex
1334 2261 1473 2322 adverso
1497 2257 1677 2322 Stanislaus
1702 2260 1844 2339 optinuit
1868 2259 1973 2322 termi-

418 2387 495 2430 num
519 2367 820 2430 deliberatorium..
845 2377 921 2447 post
946 2363 1150 2430 Conductum
1175 2367 1284 2428 Pasce.

632 2559 673 2622 A.
705 2577 794 2640 1479,
818 2557 942 2640 Aprilis
967 2560 1017 2628 28,
1042 2560 1073 2620 irr
1098 2560 1294 2622 consistorio
1319 2559 1546 2624 PolthovIensi.

529 2679 618 2748 134.
642 2683 741 2765 (Acta
757 2682 840 2745 offic.
857 2682 922 2762 IV).
947 2682 1116 2746 Discretus
1133 2683 1271 2744 Michael
1288 2683 1328 2746 de
1346 2681 1520 2746 Gostinino
1544 2684 1739 2746 substitutus
1755 2684 1810 2744 dni
1825 2683 1971 2746 doctoris

419 2789 495 2853 lecit
519 2789 720 2860 relacionem,
746 2792 820 2870 quia
844 2791 1115 2868 circumspectum
1132 2789 1349 2852 Venceslaum
1374 2791 1573 2872 oppidanum
1599 2789 1840 2854 Pultoviensem
1861 2791 1973 2853 citavit

418 2897 461 2960 ad
485 2907 670 2976 presentem
694 2897 781 2958 diem
805 2893 846 2956 ad
870 2896 1057 2956 instantiam
1082 2896 1211 2958 discreti
1237 2895 1406 2958 Laurencii
1430 2897 1472 2960 de
1497 2896 1651 2977 Byelsko.
1676 2898 1719 2960 Et
1742 2897 1827 2958 idem
1853 2917 1972 2977 propo·

419 3004 482 3065 suit
506 3011 620 3066 contra
644 3002 863 3064 Venceslaum
890 3021 950 3080 pro
974 3022 1023 3076 eo,
1055 3003 1130 3082 quia
1155 3022 1216 3064 una
1242 3003 1293 3064 die
1317 3015 1408 3066 certo
1431 3013 1581 3085 tempore
1605 3004 1681 3065 dum
1707 3003 1808 3064 voluit
1832 3001 1972 3064 defluere

419 3111 450 3172 iu
475 3108 613 3174 Gnanslt
636 3129 708 3172 cum
731 3108 851 3172 skurlra
875 3129 947 3170 cum
973 3107 1149 3180 frumentis,
1182 3119 1303 3172 extunc
1326 3113 1431 3190 Ipsum
1456 3112 1609 3173 convenit
1634 3131 1695 3190 pro
1719 3109 1813 3174 XCV
1838 3129 1892 3189 gr,
1917 3111 1972 3190 qui

419 3216 531 3279 debuit
555 3235 670 3297 gerere
695 3227 727 3280 et
751 3235 787 3278 se
812 3217 972 3279 summisit
996 3216 1173 3298 adimplere
1197 3215 1339 3278 officium
1364 3219 1558 3298 aquaticum,
1582 3217 1706 3280 scilicet
1733 3215 1975 3296 exploracionis

418 3343 511 3404 aque,
543 3323 665 3386 scilicet
689 3322 903 3402 rothmanyca,
934 3331 968 3384 et
990 3343 1105 3405 gerere
1128 3321 1269 3384 officium
1294 3325 1384 3385 navis
1414 3323 1492 3386 alias
1514 3323 1711 3400 sremrkyem
1735 3322 1817 3402 byca,
1850 3333 1973 3386 extunc

418 3431 495 3492 dum
519 3429 655 3493 defluxit
677 3430 708 3490 in
735 3429 871 3502 Vislam,
896 3449 961 3490 rron
986 3431 1092 3508 potuit
1116 3429 1295 3510 adlmplere
1319 3429 1461 3492 olsrcium
1487 3430 1728 3511 exploracIonis
1751 3449 1844 3510 aque,
1869 3441 1902 3492 et
1926 3431 1973 3490 sic

420 3546 497 3617 post
520 3536 600 3599 allos
618 3535 846 3616 exploratores
871 3535 970 3609 fluxit,
995 3554 1078 3615 quos
1095 3545 1302 3609 convenerat,
1326 3535 1437 3598 Zawol
1454 3546 1487 3598 et
1504 3535 1698 3604 Dobeslaus.
1722 3546 1756 3598 et
1773 3538 1818 3598 sic
1834 3536 1972 3608 skulam,

419 3662 516 3722 quam
541 3643 636 3724 rexit,
661 3643 865 3724 postergavit
890 3653 1016 3721 etpost
1040 3644 1130 3722 ipsos
1153 3641 1250 3704 fluere
1269 3645 1415 3722 permisit
1439 3654 1471 3704 et
1489 3643 1675 3716 retardavit,
1698 3644 1804 3724 ipsum
1829 3644 1974 3724 dampni·

419 3747 529 3812 ficavit
552 3749 582 3810 in
601 3769 708 3812 marca
732 3747 883 3812 videlicet
905 3748 972 3812 XX
996 3770 1042 3830 gr.
1067 3749 1148 3812 Item
1174 3771 1235 3830 pro
1258 3771 1307 3820 eo,
1331 3750 1405 3828 quia
1430 3769 1494 3810 non
1520 3751 1644 3830 recepit
1667 3750 1774 3812 masth
1799 3751 1840 3813 de
1864 3752 1972 3823 domo,

418 3866 452 3918 et
483 3859 529 3918 sic
561 3857 740 3937 proposuit,
778 3857 865 3938 quod
900 3877 960 3937 pro
991 3857 1098 3918 masth
1134 3859 1165 3918 in
1197 3859 1248 3918 via
1280 3855 1369 3918 dedit
1402 3857 1541 3920 mediam
1577 3877 1720 3919 marcam
1752 3854 1848 3942 [curn]
1872 3857 1972 3938 ipsius

418 3964 571 4044 dampno,
607 3963 681 4043 quia
704 3963 817 4026 debuit
841 3973 874 4024 et
898 3965 1111 4044 promittebat
1143 3963 1305 4026 excidisse
1337 3967 1368 4024 in
1392 3964 1453 4042 via,
1484 3974 1602 4045 petens
1625 3965 1731 4043 ipsum
1756 3963 1908 4046 compelli
1932 3965 1972 4025 ad

418 4071 628 4132 solucionem.
653 4069 734 4132 Item
760 4089 820 4151 pro
845 4091 894 4140 eo,
920 4073 995 4150 quia
1018 4072 1123 4151 ipsum
1149 4070 1314 4132 infamavit
1338 4070 1488 4152 turpibus
1511 4073 1629 4146 verbis,
1652 4072 1824 4134 extimavit
1848 4071 1890 4132 ad
1906 4071 1970 4132 XX

418 4197 464 4259 gr.
489 4176 663 4239 infamiam.
702 4176 756 4238 Ex
780 4177 919 4240 adverso
943 4177 1147 4240 Venceslaus
1172 4176 1431 4240 reconveniendo
1463 4181 1635 4258 proposuit
1663 4199 1723 4259 pro
1747 4177 1827 4240 XVI
1853 4197 1899 4258 gr.
1923 4198 1973 4240 ac·

419 4285 648 4346 commodatis:
672 4282 800 4346 fertone
817 4293 850 4346 et
867 4283 913 4346 IV
930 4281 1000 4370 [gn]
1025 4286 1141 4358 solarii,
1167 4295 1284 4364 petens
1301 4284 1450 4366 compelli
1468 4285 1510 4348 ad
1528 4284 1735 4348 solucionem.
1761 4285 1813 4348 Ex
1833 4287 1973 4348 adverso

422 4389 622 4454 Laurencius
647 4379 816 4454 consessus
832 4402 883 4454 est
907 4411 942 4453 se
959 4393 1061 4454 teneri
1085 4392 1219 4454 eosdem
1243 4411 1386 4472 grossos.
1411 4393 1467 4454 sed
1487 4393 1589 4454 voluit
1613 4391 1773 4456 defalcare
1797 4413 1840 4454 ex
1855 4391 1971 4454 eadem

418 4499 565 4579 pecunIa,
589 4499 620 4559 ln
646 4518 711 4578 qua
736 4499 840 4578 ipsum
866 4497 1116 4579 dampnificavit,
1142 4511 1176 4560 ut
1199 4500 1232 4560 ln
1256 4501 1486 4580 propositione
1510 4500 1654 4562 deduxit.
1694 4497 1896 4562 Venceslaus
1920 4518 1971 4560 au-

418 4616 519 4668 tem..
543 4607 676 4686 negavit
700 4619 843 4684 narrata;
875 4605 1073 4669 Laurencius
1098 4607 1214 4668 iurabit
1245 4608 1278 4667 in
1302 4606 1464 4686 quindena
1488 4627 1586 4687 super
1610 4605 1761 4684 dampnis
1784 4606 1843 4668 sibi
1867 4603 1971 4680 illatis

419 4713 460 4774 de
484 4712 697 4776 InfamatoriIs
721 4714 828 4776 verbis
852 4715 973 4777 obtulit
996 4735 1032 4776 se
1056 4714 1301 4796 probaturum..

630 4905 673 4970 A.
701 4923 794 4989 1479,
817 4905 973 4970 Octobris
1002 4925 1026 4976 r,
1050 4909 1082 4968 in
1107 4907 1301 4968 consistorio
1326 4905 1553 4969 Polthoviensi.

528 5027 613 5098 135.
639 5031 737 5114 (Acta
761 5031 842 5096 offic.
866 5032 932 5110 IV).
968 5033 1003 5094 In
1026 5051 1125 5094 causa
1149 5029 1301 5093 nobilium
1327 5030 1428 5093 Beate
1452 5043 1485 5092 et
1510 5030 1718 5111 Margaretbe
1742 5030 1783 5092 de
1807 5029 1970 5113 Cobylino

417 5159 489 5200 curn
525 5140 687 5201 nobilibus
718 5139 856 5202 Nicolao
888 5151 921 5201 et
947 5139 1072 5200 Helena
1103 5159 1161 5200 sua
1185 5159 1286 5200 uxore
1311 5140 1351 5199 de
1376 5137 1547 5218 Cobylino,
1579 5137 1680 5200 Beata
1705 5149 1738 5200 et
1762 5136 1971 5220 Margaretha

417 5256 658 5327 proposuerunt
682 5268 743 5328 pro
768 5268 817 5322 eu,
852 5248 927 5327 quia
950 5248 1026 5309 dum
1052 5241 1176 5331 [Beata]
1210 5244 1306 5307 filiam
1331 5265 1422 5307 suam
1449 5242 1714 5330 [Margaretlranr]
1744 5246 1904 5306 ordinavit
1928 5243 1969 5305 ad

417 5355 622 5416 serviendum
639 5355 708 5422 sibi,
734 5365 854 5417 extunc
878 5355 948 5433 ipse
966 5354 1120 5416 Nicoluus
1144 5353 1358 5432 promittebat
1376 5353 1445 5427 sibi,
1470 5354 1560 5432 quod
1576 5354 1680 5432 ipsam
1704 5351 1817 5414 debuit
1840 5371 1969 5413 servare

417 5481 489 5522 cum
514 5460 695 5536 honestate,
720 5473 753 5524 et
777 5463 823 5523 sic
846 5460 932 5540 apud
958 5481 1031 5523 eum
1056 5460 1201 5522 serviens
1225 5460 1429 5542 impregnata
1452 5471 1511 5532 est,
1545 5461 1717 5522 extimavit
1740 5457 1903 5520 infamiam
1927 5457 1970 5518 ad

418 5565 445 5629 C
468 5565 535 5629 flor.
560 5567 642 5630 Item
667 5566 877 5648 Margaretha
902 5569 1072 5647 proposuit
1096 5587 1157 5646 pro
1180 5564 1293 5627 XVIII
1321 5587 1366 5645 gr.
1392 5567 1515 5626 servIcii
1542 5567 1715 5646 promeriti,
1740 5565 1880 5630 camisIa.
1905 5565 1966 5624 cin·

416 5675 501 5755 gulo,
526 5695 597 5749 ove,
620 5677 774 5757 tergistro
798 5673 902 5744 rabek,
926 5684 1043 5756 petens
1066 5673 1217 5752 compelli
1241 5673 1281 5734 ad
1306 5671 1543 5735 solucionem..
