4458 6674
427 687 486 748 116
901 686 990 732 ACTA
1012 684 1135 734 lUl)IClI
1155 685 1289 732 ECf'LEb'.
1311 683 1497 734 PLOCENsls

529 775 762 782 -———-—---
1936 777 1964 784 Η.

423 895 506 958 tradi
537 907 571 956 et
595 895 635 954 de
658 897 789 956 civitate
821 915 893 955 curn
919 915 983 956 non
1009 896 1135 955 modica
1169 895 1399 956 verberacione
1430 914 1490 974 per
1512 903 1670 955 tortorem
1704 892 1840 973 propelli
1872 898 1973 962 iussit.

420 1004 520 1063 eciam
545 1003 711 1062 addiciens
741 1002 803 1063 hec
827 1002 939 1062 verba:
975 1003 1206 1080 ›insequemini
1237 1003 1357 1062 curiam
1382 1000 1551 1080 Episcopi,
1582 999 1646 1061 illic
1679 1022 1738 1062 vos
1765 1001 1973 1073 defendent«,

419 1109 450 1167 in
475 1108 665 1187 despectum
699 1121 730 1168 et
756 1107 962 1187 vilipendium
994 1127 1053 1168 sue
1085 1107 1122 1167 R.
1147 1107 1214 1169 Ptis
1245 1119 1279 1168 et
1303 1109 1408 1168 tocius
1441 1108 1526 1168 curie
1558 1119 1592 1170 et
1616 1108 1772 1168 dictarum
1807 1106 1971 1168 mulierum

420 1215 598 1288 infamiam,
633 1217 777 1276 iniuriam
811 1229 843 1275 et
876 1211 1185 1275 dehonestacionem
1218 1233 1283 1273 non
1311 1213 1482 1274 modicam.
1521 1211 1761 1294 Quamquidem
1794 1215 1972 1276 iniuriam..

420 1323 590 1383 extimavit
622 1323 764 1400 ipsarum
798 1331 996 1400 procurator,
1029 1319 1207 1380 secundum
1239 1318 1326 1398 quud
1351 1319 1496 1399 quelibet
1529 1321 1669 1400 ipsarum
1703 1321 1852 1380 iuraverit
1877 1341 1974 1400 super

421 1429 602 1512 huiusmodi
620 1428 905 1488 dehonestacionis
921 1426 1073 1498 valorem,
1100 1439 1216 1507 petens
1233 1429 1338 1504 ipsum
1356 1423 1532 1510 [compelli]
1555 1426 1596 1486 ad
1613 1427 1853 1486 emundandum
1870 1424 1971 1488 huius-

421 1537 508 1594 modi
534 1537 676 1614 ipsornm
702 1534 898 1594 infamiam..
930 1544 962 1594 et
987 1553 1105 1612 penam
1139 1535 1268 1594 racione
1301 1553 1488 1594 excessus..
1521 1553 1581 1613 pru
1605 1533 1737 1594 arbitrio
1761 1555 1819 1594 sue
1845 1533 1881 1594 R.
1907 1533 1973 1594 Ptis

422 1661 579 1702 reservari
589 1690 595 1702 .
607 1691 613 1703 .

636 1833 675 1896 A.
707 1849 796 1914 1507,
822 1833 963 1914 Augusti
989 1849 1016 1902 2,
1042 1834 1072 1893 in
1097 1835 1184 1894 curia
1209 1833 1395 1912 episcopali.

528 1937 615 2004 254.
647 1942 746 2019 (Acta
770 1941 867 2018 episc.
892 1941 951 2016 la).
987 1939 1129 2000 Libellus
1156 1960 1214 2016 pro
1239 1948 1331 2018 parte
1356 1937 1471 1998 famosi
1496 1939 1549 2000 dni
1575 1937 1729 2000 iohannis
1753 1939 1909 2019 oppidani
1933 1939 1974 1998 de

420 2047 603 2108 Zaeroczim
629 2059 742 2109 contra
768 2047 940 2126 plebanum
966 2047 1007 2108 de
1031 2047 1163 2107 ibidem:
1730 2105 1737 2112 ,

528 2151 646 2216 Coram
672 2153 765 2215 vobis
789 2153 907 2214 ano..
940 2155 1005 2214 dno
1030 2153 1166 2214 Erasmo
1199 2151 1238 2214 D.
1262 2175 1292 2234 g.
1317 2153 1475 2232 episcopo
1506 2151 1650 2214 l'locensi
1684 2164 1905 2234 procurator..
1932 2152 1947 2214 f
1965 2187 1973 2199 ·

421 2261 500 2322 mosi
533 2261 685 2322 Iohannis
716 2259 871 2340 oppidani
903 2260 944 2320 de
969 2259 1152 2320 Zaeroczim
1185 2271 1298 2320 contra
1330 2270 1363 2320 et
1387 2257 1542 2320 adversus
1574 2259 1677 2322 honor
1710 2261 1807 2321 dnum
1841 2259 1972 2322 Paulum

420 2369 597 2445 plebanum
630 2369 661 2426 in
686 2365 868 2426 Zaeroczim
901 2369 990 2446 gravi
1024 2386 1096 2426 curn
1122 2365 1255 2445 querela
1288 2366 1473 2446 proponit..
1500 2367 1575 2444 quia
1603 2385 1690 2426 anno
1714 2369 1857 2446 presenti
1890 2369 1974 2428 circa

419 2471 536 2534 festum
569 2493 593 2534 s.
619 2471 770 2533 iohannis
794 2471 942 2552 Baptiste
975 2471 1119 2553 prefatus
1144 2471 1260 2534 Paulus
1285 2471 1451 2552 plebanus,
1485 2473 1627 2534 nescitur
1651 2493 1714 2552 qua
1739 2475 1973 2542 iurisdiccione,

418 2579 552 2642 veniens
585 2580 799 2657 personaliter
830 2581 859 2638 in
892 2582 1068 2657 pretorium
1101 2598 1272 2640 commune
1308 2578 1597 2656 Zacroczymiense
1633 2599 1770 2642 unacum
1803 2580 1972 2642 consulatu

420 2686 533 2767 oppidi
557 2685 754 2765 Zacroczym
780 2695 964 2764 vocatoque
996 2685 1037 2747 ad
1062 2707 1096 2747 se
1121 2684 1248 2766 prefato
1272 2685 1416 2746 Iohanne
1439 2696 1551 2747 actore
1579 2687 1743 2748 mandavit
1768 2689 1826 2748 sibi
1853 2709 1974 2766 ponere

420 2801 454 2853 et
477 2793 555 2854 dare
580 2793 750 2871 pecuniam
775 2803 807 2852 et
832 2803 1064 2854 testamentum
1089 2793 1254 2853 cuiusdam
1281 2791 1405 2854 Nicolai
1428 2790 1540 2870 Zabek
1556 2792 1597 2853 de
1614 2791 1821 2875 Zacroczym.
1848 2795 1974 2874 prefato

420 2898 563 2960 iohanne
587 2899 628 2959 ad
644 2897 708 2960 hoc
732 2899 961 2978 respondente,
987 2901 1061 2980 quia
1086 2899 1183 2960 michi
1207 2919 1343 2960 unacum
1368 2911 1587 2960 coexecutore
1613 2918 1685 2962 meo
1709 2901 1884 2963 commissa
1900 2913 1974 2964 sunt

420 3007 529 3066 omnia
560 3005 646 3067 bona
678 3003 795 3084 prefati
826 3006 995 3066 testatoris
1025 3006 1066 3067 ad
1099 3005 1351 3084 dispensandum
1384 3015 1417 3067 et
1442 3016 1671 3068 testamentum
1704 3017 1754 3068 est
1782 3006 1972 3069 ratificatum

421 3133 480 3194 par
503 3111 602 3172 dnum
627 3108 819 3172 Officialem.
845 3111 1011 3174 Pretactus
1028 3133 1106 3173 vero
1123 3112 1239 3173 Paulus
1265 3111 1423 3188 plebanus
1448 3111 1670 3174 nichilominus
1695 3112 1827 3174 mandat
1853 3134 1974 3193 ponere

421 3231 453 3282 et
477 3220 554 3282 dare
578 3219 638 3281 sibi
663 3219 847 3299 pecuniam;
878 3232 910 3279 et
936 3219 1053 3280 ibidem
1079 3217 1222 3280 Iohanne
1255 3217 1440 3299 appellante
1473 3219 1515 3280 ad
1539 3219 1587 3279 ius
1611 3219 1777 3300 spirituale
1809 3201 1975 3301 prefactus

421 3325 537 3387 Paulus
561 3324 727 3405 plebanus,
761 3345 824 3385 non
850 3325 1004 3388 obstante
1037 3328 1149 3406 quavis
1182 3325 1415 3406 appellacione,
1449 3326 1591 3386 nescitur
1623 3347 1687 3404 qun
1711 3327 1829 3388 ductus
1861 3329 1975 3406 spiritu

420 3435 519 3494 immo
544 3433 650 3494 verius
666 3432 774 3492 animo
791 3431 1005 3510 extorquendi
1030 3433 1208 3512 pecuniam,
1235 3432 1399 3493 mandavit
1418 3431 1578 3511 prefatum
1603 3432 1780 3494 Iohannem
1800 3436 1975 3511 mancipari

421 3539 603 3600 carceribus
636 3539 666 3598 in
691 3559 730 3600 eo
754 3539 896 3602 instanti.
930 3539 1105 3617 prohibens
1129 3539 1188 3599 sibi
1212 3539 1280 3600 dari
1305 3540 1411 3600 cibum
1444 3549 1477 3602 et
1502 3551 1628 3618 potum,
1662 3541 1758 3602 etiam
1785 3540 1975 3618 precludens

421 3644 555 3707 liberum
580 3645 702 3707 aditum
727 3647 820 3706 uxori
847 3647 945 3724 ipsius
970 3659 1002 3706 et
1028 3645 1152 3720 familie,
1178 3645 1264 3724 quod
1290 3649 1335 3708 sic
1361 3645 1418 3706 fuit
1442 3657 1475 3706 et
1499 3658 1550 3708 est
1574 3667 1718 3708 verum..

529 3751 609 3812 ltem
628 3751 773 3830 prefatus
797 3751 911 3814 Paulus
936 3753 1093 3833 plebanus
1116 3752 1166 3813 his
1183 3773 1246 3814 non
1264 3763 1438 3816 contentus
1463 3754 1520 3814 scd
1538 3751 1658 3815 afflicto
1681 3755 1824 3816 adiciens
1848 3774 1975 3834 penam,

421 3857 488 3920 fere
513 3869 616 3920 totam
642 3861 907 3922 communitatem
941 3861 1125 3926 commovit,
1159 3881 1198 3922 ne
1222 3858 1336 3940 aliquis
1361 3881 1420 3941 pro
1446 3859 1589 3921 Iohanne
1622 3861 1749 3940 prefato
1773 3872 1916 3934 careret,
1942 3871 1975 3923 et

420 3967 480 4026 nisi
497 3965 537 4024 de
555 3965 708 4026 mandato
733 3967 786 4026 dni
804 3967 964 4047 capitanei
989 3966 1255 4028 Zaerocimiensis
1280 3965 1393 4028 fuisset
1419 3967 1545 4037 missus,
1571 3986 1667 4028 nemo
1692 3968 1809 4028 civium
1834 3969 1975 4030 audebat

422 4080 536 4133 contra
560 4069 761 4133 voluntatem
787 4073 915 4153 plebani
941 4095 1000 4153 pro
1026 4095 1066 4136 eo
1090 4075 1266 4136 evictorem
1292 4093 1327 4134 se
1353 4093 1507 4154 ponere..

528 4177 609 4240 Item
642 4182 716 4258 quia
742 4179 886 4256 prefatus
910 4181 992 4242 dnus
1017 4179 1140 4250 Paulus,
1176 4181 1332 4258 plebanus
1356 4184 1387 4242 in
1413 4182 1498 4240 curia
1522 4179 1624 4240 ducali
1658 4181 1688 4240 in
1713 4179 1920 4262 Zacroczym‚
1945 4183 1975 4242 in

421 4285 589 4365 presencia
621 4287 794 4348 multorum
826 4288 991 4350 hominum
1025 4288 1107 4350 dixit
1132 4288 1260 4368 prefato
1286 4288 1431 4350 iohanni:
1460 4285 1566 4366 Quem
1594 4301 1626 4348 te
1651 4289 1729 4350 lacis
1761 4301 1816 4350 aut
1840 4289 1881 4350 de
1906 4299 1977 4350 tua

423 4392 657 4454 nobilitate
689 4397 917 4474 presumis‚
950 4397 1026 4456 iam
1053 4396 1221 4456 resides
1252 4397 1289 4456 in
1316 4397 1514 4466 civitate,
1550 4396 1698 4473 itaque
1730 4395 1868 4457 dando
1901 4417 1975 4475 pro

422 4481 461 4559 te
486 4509 585 4559 octo
610 4519 870 4579 sexagenas,
895 4505 989 4581 quis
1014 4513 1053 4563 te
1079 4503 1317 4576 interimet,
1350 4501 1493 4563 solvet
1519 4514 1565 4562 te.
1606 4499 1649 4562 Et
1674 4502 1736 4562 hoc
1760 4501 1841 4566 dixit
1866 4505 1975 4566 animo

423 4606 598 4666 suscitandi
629 4625 796 4668 rancorem
833 4611 1090 4690 propinquorum
1123 4609 1238 4689 prefati
1273 4610 1440 4672 testatoris
1472 4620 1505 4669 et
1534 4609 1708 4670 animando
1740 4611 1830 4688 ipsos
1862 4621 1976 4672 contra

422 4709 608 4782 Iohannem,
641 4716 693 4793 qui
719 4717 890 4796 propinqui
915 4716 1181 4778 machinabantur
1214 4719 1245 4776 in
1271 4727 1409 4776 mortem
1434 4713 1563 4795 prefato
1586 4715 1722 4776 Iohanni
1754 4718 1785 4776 in
1810 4716 1975 4788 hactenus,

423 4835 591 4898 quousque
628 4821 790 4898 predictus
822 4822 982 4885 lohannes
1013 4834 1150 4904 propter
1182 4825 1388 4884 securitatem
1421 4843 1478 4884 sue
1511 4825 1658 4885 sanitatis
1693 4843 1750 4901 per
1774 4824 1975 4886 amicabilem

422 4926 696 5004 composicionem
724 4930 818 4990 dictis
842 4933 1033 5010 propinquis
1058 4932 1223 4992 testatoris
1248 4929 1337 4991 dedit
1363 4927 1409 4991 VI
1433 4949 1616 5007 sexagenas
1647 4931 1735 5008 ipsos
1760 4930 1976 5010 pacificando;

424 5040 457 5090 et
481 5027 542 5089 hoc
568 5037 778 5112 suggestione
802 5049 834 5098 et
858 5039 1066 5100 ordinacione
1091 5036 1206 5117 prefati
1235 5037 1363 5116 plebani
1388 5036 1508 5097 factum
1535 5035 1624 5098 fuit..

530 5137 610 5199 ltem
634 5141 709 5202 dum
736 5147 907 5224 propinqui
933 5157 966 5206 et
983 5145 1215 5224 consanguinei
1241 5145 1318 5204 dicti
1343 5143 1466 5204 Nicolai
1490 5141 1635 5204 Zambek
1659 5145 1826 5206 testatoris
1851 5145 1976 5208 fuerant

425 5262 482 5320 per
500 5244 701 5322 capitaneum
727 5249 1047 5331 Zacrucaymirnsem
1074 5253 1272 5329 interrogati.
1299 5249 1467 5329 quomodo
1485 5248 1645 5308 lohannes
1668 5253 1789 5330 recepit
1806 5253 1974 5332 pecuniam

425 5351 522 5409 vestri
548 5355 661 5430 patrui,
686 5356 745 5434 ipsi
770 5378 812 5420 ex
829 5357 1062 5419 informacione
1087 5357 1216 5436 plebani
1243 5358 1401 5426 dixerunt,
1428 5359 1513 5435 quod
1540 5354 1654 5417 furtive
1680 5359 1857 5437 recepisset
1883 5379 1976 5440 pecu·

425 5457 518 5522 niam.
543 5469 575 5518 et
593 5462 651 5520 ista
670 5463 938 5526 subordinacione
964 5465 1109 5545 prefatus
1136 5465 1293 5544 plebanus
1317 5466 1438 5525 dictum
1456 5463 1554 5524 dnum
1574 5463 1750 5524 Iohannem
1776 5465 1975 5544 oppidanum

424 5563 464 5622 de
488 5560 668 5626 Zaeroczim
695 5569 871 5632 diffamavit
903 5572 988 5652 apud
1015 5572 1163 5632 homines
1187 5591 1304 5650 graves
1328 5581 1360 5632 et
1385 5570 1542 5631 honestos
1566 5581 1599 5632 et
1624 5591 1732 5632 coram
1758 5572 1880 5646 multis;
1912 5573 1975 5652 qui·

424 5667 553 5748 quidem
579 5669 738 5737 lohannes
763 5679 910 5740 senciens
932 5699 966 5740 se
992 5679 1021 5737 in
1041 5678 1213 5738 honestate
1238 5687 1271 5740 et
1296 5675 1381 5737 fama
1406 5675 1589 5756 spoliatum,
1614 5687 1814 5757 conquestus
1838 5691 1888 5738 est
1912 5677 1976 5740 dne
