4458 6674
437 699 501 764 126
908 702 1003 754 acra
1020 701 1144 752 runrcu
1161 701 1298 752 accras
1318 701 1506 752 110011οε111

493 797 585 801 -.
611 796 678 800 ..—
719 795 890 800 ——..-----
940 793 1398 800 .-.--.———.-..-..--—...—-.—--
1422 793 1464 798 —-
1492 793 1985 801 ——-—..——-.—-...—.-—

431 913 511 976 hora
535 913 715 974 matutinali
741 923 773 974 et
792 922 929 974 evocato
953 923 1038 976 teste
1063 922 1157 975 extra
1181 911 1337 974 inlocum
1362 923 1523 974 secretum
1547 915 1636 993 cepit
1653 933 1777 994 rogare,
1800 924 1837 975 ut
1853 925 1984 994 ceptum

431 1042 515 1100 opus
541 1020 728 1082 mediatoris
753 1041 813 1100 pro
830 1021 956 1100 nuptiis
979 1021 1065 1082 inter
1082 1018 1176 1080 filiam
1201 1040 1291 1081 suam
1318 1018 1531 1080 Katherinam
1556 1039 1627 1080 cum
1654 1020 1797 1082 Iohanne
1815 1020 1985 1083 Yaslkow·

431 1127 479 1188 siti
503 1137 762 1207 prosequeretur.
788 1125 851 1207 Qui
876 1127 1078 1188 considerata
1104 1128 1326 1187 inconstancia
1351 1127 1451 1206 ipsius
1475 1128 1579 1188 renuit
1603 1148 1674 1189 esse
1690 1129 1857 1200 mediator,
1882 1130 1985 1191 victus

430 1243 538 1296 tamen
564 1236 721 1294 instancia
746 1244 779 1295 et
802 1235 1048 1313 importunitate
1072 1233 1168 1296 dixit:
1194 1231 1279 1314 Quid
1306 1253 1356 1294 1110
1374 1235 1420 1294 vis
1445 1231 1559 1296 facere.
1584 1232 1643 1296 Cui
1669 1233 1850 1296 Katherina
1873 1234 1985 1298 relicta

430 1340 518 1402 Panli
543 1341 637 1402 dixit:
670 1337 831 1402 Continua
856 1353 988 1420 ceptum
1020 1343 1082 1402 iter
1106 1343 1301 1421 nupciarum,
1335 1359 1412 1400 ecce
1444 1339 1550 1401 habeo
1582 1350 1714 1421 paratas
1739 1341 1771 1402 X
1794 1363 1984 1422 sexagenas,

431 1467 511 1527 quas
536 1447 669 1508 offeram
695 1457 771 1508 ante
795 1446 959 1527 sponsalia
992 1455 1024 1508 et
1049 1445 1100 1507 filii
1125 1449 1187 1508 mei
1212 1448 1433 1508 reformabunt
1458 1448 1516 1508 sibi
1541 1446 1638 1508 XXX
1666 1449 1697 1508 in
1722 1447 1803 1509 libro
1828 1452 1985 1526 terrestri;

429 1554 489 1615 has
513 1567 620 1616 autem
646 1555 758 1614 decem
784 1555 826 1614 do
851 1565 975 1615 secrete
1000 1565 1135 1634 propter
1161 1552 1251 1624 filios,
1276 1574 1316 1615 ne
1342 1554 1435 1615 michi
1460 1556 1675 1635 indignentur.
1708 1554 1798 1616 Dixit
1822 1558 1933 1636 itaque
1955 1560 1984 1618 ei

429 1663 536 1722 testis:
571 1660 701 1728 Videas,
738 1661 824 1739 quod
855 1659 978 1721 habeas
1011 1673 1139 1738 paratas
1163 1662 1285 1734 decem,
1318 1663 1393 1740 quia
1416 1681 1456 1722 eo
1481 1673 1579 1740 pacto
1610 1663 1725 1722 vadam
1750 1662 1791 1722 ad
1818 1662 1983 1725 Andream

430 1766 638 1828 Yaslkowski
661 1777 692 1828 et
710 1765 895 1828 certificabo
920 1787 992 1827 eum
1018 1768 1058 1827 de
1075 1770 1220 1846 pecuniis
1244 1777 1277 1829 et
1295 1769 1426 1848 nupciis.
1450 1767 1536 1828 Data
1561 1781 1594 1830 et
1611 1778 1742 1850 recepta
1768 1767 1831 1830 lide
1855 1772 1983 1832 vocavit

430 1877 523 1937 testis
550 1875 716 1936 Andream
742 1886 775 1936 et
799 1873 920 1935 factum
946 1877 1100 1953 exposuit
1125 1887 1157 1934 et
1182 1873 1268 1935 diem
1292 1876 1465 1936 crastinam
1491 1876 1614 1955 nupciis
1639 1877 1785 1938 innotuit.
1818 1875 1983 1938 Proiectus

429 1993 479 2044 est
503 1985 611 2062 itaque
636 1984 728 2044 testis
760 1981 800 2043 ad
826 1983 957 2042 domum
984 1980 1162 2044 Katherine
1195 1981 1290 2044 vidue
1315 1984 1346 2042 in
1371 1981 1507 2060 Popovo
1539 2001 1611 2042 cum
1637 1981 1780 2056 Andrea,
1816 1995 1848 2044 et
1871 1981 1983 2046 habito

430 2099 570 2150 tractatu
596 2091 756 2170 premisso
772 2089 857 2150 diem
876 2090 1049 2148 crastinum
1076 2109 1135 2168 pro
1154 2090 1291 2168 pecunia
1315 2089 1514 2149 numeranda
1539 2091 1785 2160 constituerunt,
1812 2103 1846 2152 ut
1863 2099 1983 2154 extunc

429 2197 563 2276 nupcias
587 2195 787 2257 celebrarent
812 2205 845 2256 et
862 2197 1026 2274 sponsalia
1048 2196 1286 2256 contraherent.
1311 2195 1373 2256 Die
1390 2195 1529 2256 crastina
1553 2197 1748 2258 adveniente
1767 2198 1867 2258 voluit
1892 2201 1984 2261 testis

429 2313 584 2380 tanquam
609 2302 669 2373 ille,
695 2304 747 2381 qni
774 2300 870 2362 fidem
895 2313 1063 2381 receperat
1088 2322 1107 2363 a
1131 2301 1311 2364 Katherina
1336 2313 1368 2363 et
1389 2301 1484 2362 fidem
1509 2303 1644 2364 dederat
1669 2302 1805 2365 Andree
1829 2305 1870 2366 de
1893 2307 1984 2366 certi·

430 2407 548 2480 tudine,
573 2409 604 2469 X
628 2428 811 2489 sexagenas
835 2427 1003 2470 numerare
1029 2411 1195 2490 pecunias;
1228 2408 1280 2470 illa
1306 2407 1437 2469 tandem
1463 2418 1591 2470 secreto
1624 2408 1731 2472 attulit
1755 2411 1831 2472 testi
1861 2410 1984 2492 aliquot

429 2517 544 2586 nodos,
569 2516 621 2576 ubi
646 2525 739 2577 erant
763 2517 900 2596 pecunie
924 2527 957 2576 et
981 2516 1113 2576 immisit
1137 2517 1198 2577 sibi
1222 2518 1254 2576 in
1272 2517 1374 2577 sinum
1401 2517 1522 2577 dicens:
1548 2515 1635 2578 Ecce
1657 2516 1766 2592 habes,
1792 2537 1905 2579 eamus
1920 2521 1983 2580 iarn

430 2623 469 2683 ad
495 2623 674 2684 ecclesiam.
708 2621 809 2684 Teste
835 2624 1067 2700 respondente:
1092 2621 1179 2684 Nolo
1204 2644 1255 2683 me
1281 2624 1410 2684 incertis
1434 2643 1603 2704 occupare,
1628 2626 1795 2686 veniamus
1819 2637 1852 2686 et
1876 2645 1985 2688 nume·

430 2751 545 2806 remus,
578 2741 658 2811 quot
682 2741 715 2792 et
740 2741 895 2810 quantum
921 2741 978 2791 est.
1007 2729 1050 2792 Et
1068 2742 1243 2810 postquam
1268 2731 1459 2809 inceperunt
1483 2751 1660 2802 numerare,
1685 2732 1766 2792 dixit
1789 2730 1980 2794 Katherina:

429 2835 504 2898 Non
529 2845 579 2898 est
603 2839 728 2917 integra
752 2857 885 2910 summa,
918 2838 976 2897 sed
1001 2857 1115 2917 parum
1140 2839 1240 2898 deest.
1274 2835 1315 2897 Et
1339 2839 1384 2897 sic
1409 2837 1609 2899 numerando
1642 2839 1672 2899 in
1696 2848 1769 2900 toto
1794 2857 1859 2898 non
1883 2851 1983 2911 erant,

430 2945 488 3005 nisi
513 2941 545 3004 V
569 2963 744 3025 sexagene.
779 2943 853 3024 Quo
879 2945 947 3004 viso
973 2941 1055 3005 dixit
1079 2945 1172 3005 testis
1197 2945 1237 3005 ad
1263 2963 1347 3004 eam:
1382 2942 1468 3005 Ecce
1492 2964 1544 3005 me
1569 2943 1673 3006 illudis
1697 2954 1730 3006 et
1754 2943 1838 3006 hunc
1862 2945 1982 3008 bonum

429 3051 601 3111 hominem.
627 3049 669 3113 Et
694 3051 739 3111 sic
763 3060 967 3112 recesserunt
992 3069 1098 3130 neque
1122 3051 1272 3112 bibentes
1296 3071 1402 3130 neque
1426 3053 1646 3122 comedentes,
1671 3072 1732 3114 nec
1757 3053 1840 3114 ultra
1865 3063 1982 3115 testem

429 3165 463 3218 et
487 3157 663 3218 Iohannem
688 3155 895 3220 Yaslkowslti
920 3155 1049 3219 fratrem
1076 3157 1210 3219 Andree
1235 3177 1331 3219 nemo
1356 3157 1415 3218 fuit
1439 3158 1566 3221 adhoc
1590 3171 1757 3222 vocatus..

644 3351 684 3411 A.
715 3349 805 3430 1508,
831 3349 911 3411 101111
936 3367 986 3424 21,
1011 3353 1041 3410 in
1066 3349 1234 3412 Poltowsk
1258 3353 1289 3411 in
1314 3351 1401 3412 curia
1426 3353 1613 3432 episcopali.

536 3470 626 3539 272.
660 3475 756 3555 (Acta
782 3475 871 3552 episc
905 3473 1007 3552 Vll)..
1042 3473 1163 3534 Honor.
1192 3473 1349 3534 lohannes
1376 3473 1600 3556 Camyewsky
1625 3477 1773 3538 submisit
1797 3497 1833 3538 se
1857 3475 1982 3538 solvere

428 3593 461 3642 et
485 3582 641 3661 obligavit
666 3582 753 3642 Rmo
777 3582 842 3642 dno
866 3581 1034 3662 Episcopo
1059 3579 1124 3642 XX
1148 3600 1331 3662 sexagenas
1364 3603 1423 3662 pro
1448 3581 1621 3644 Dominica
1646 3604 1737 3662 prox.
1762 3596 1839 3664 post
1865 3583 1981 3646 festum

429 3709 452 3750 s.
478 3687 585 3750 iacobi
610 3699 715 3768 apost.
747 3689 876 3749 racione
901 3707 986 3768 pene
1010 3687 1192 3749 adiudicate
1217 3687 1248 3747 in
1273 3689 1427 3749 sinodo
1452 3709 1543 3770 prox.
1569 3693 1723 3770 preterita
1746 3691 1807 3753 sub
1830 3695 1982 3752 censuris

642 3882 683 3944 A.
714 3882 805 3961 1508,
829 3882 907 3942 Iunii
933 3882 983 3955 26,
1007 3881 1040 3940 in
1064 3879 1231 3940 Poltowsk
1256 3881 1286 3940 in
1312 3883 1400 3942 curia
1423 3882 1611 3963 episcopali.

536 4001 625 4070 273.
662 4007 759 4087 (Acta
784 4007 882 4085 episc.
908 4003 1011 4084 Vll)..
1048 4005 1185 4066 Nobiles
1210 4002 1450 4084 Guyewoslaus
1482 4005 1523 4067 de
1547 4005 1798 4087 Mysalrovyecz,
1831 4006 1983 4070 Andreas

428 4112 523 4174 Luba
546 4115 587 4174 de
612 4111 803 4174 Glathczino
828 4125 861 4174 et
886 4113 1012 4192 providi
1038 4109 1200 4190 Georgius
1226 4110 1366 4192 pellifex,
1392 4112 1573 4175 Stanislaus
1597 4113 1847 4194 Dropyathkow
1873 4124 1906 4176 et
1929 4113 1982 4174 Ni-

428 4220 537 4281 colaus
562 4219 708 4282 Brothka
731 4221 888 4300 oppidani
912 4217 1136 4280 Poltovienses
1161 4218 1415 4280 fideiusserunt..
1441 4231 1474 4280 et
1498 4241 1533 4281 se
1557 4221 1742 4301 obligarunt
1774 4223 1805 4282 in
1830 4241 1907 4282 casu
1930 4241 1983 4282 ne·

427 4329 587 4408 gligencie
612 4349 671 4407 pro
695 4327 808 4388 honor.
833 4325 967 4387 Allexio
992 4335 1105 4386 curato
1130 4330 1159 4384 111
1178 4325 1321 4403 Pnyewo
1346 4325 1471 4387 solvere
1496 4325 1562 4388 XX
1585 4347 1769 4408 sexagenas
1793 4349 1839 4406 gr.
1864 4329 1895 4388 in
1920 4347 1983 4389 me·

429 4436 487 4494 diis
511 4455 558 4515 gr.
583 4436 713 4496 racione
738 4455 820 4514 pene
845 4435 875 4494 111
901 4433 1053 4495 sinodo
1078 4431 1164 4492 Rmo
1188 4433 1253 4494 dno
1278 4431 1445 4514 Episcopo
1469 4434 1651 4496 adiudicate
1677 4455 1735 4516 pro
1761 4433 1844 4496 festo
1869 4454 1892 4494 s.
1909 4433 1983 4494 Bar·

428 4539 583 4602 tholomei
609 4541 669 4602 sub
695 4543 836 4601 censuris
861 4541 1121 4601 ecclesiasticis..

641 4734 680 4794 A.
713 4737 801 4812 1508,
828 4731 982 4796 Octobris
1005 4753 1036 4812 4,
1060 4737 1090 4794 111
1117 4733 1304 4795 Czerwinsk
1329 4736 1359 4794 in
1385 4736 1472 4795 curia
1496 4736 1683 4816 episcopali.

535 4855 625 4922 274.
660 4858 755 4936 (Acta
781 4862 878 4940 episc.
903 4859 1009 4938 Vll)..
1048 4857 1236 4920 Conductus
1268 4869 1315 4920 est
1350 4869 1382 4918 et
1407 4861 1614 4938 appreciatus
1648 4880 1726 4941 mgr.
1752 4859 1908 4920 Nicolaus
1939 4859 1980 4920 de

427 4966 576 5046 Scharby
600 4967 739 5028 diocesis
764 4965 988 5028 Cracoriensis
1013 4967 1052 5026 ad
1079 4967 1298 5027 fabricandum
1324 4966 1365 5026 de
1390 4985 1475 5026 novo
1501 4987 1702 5047 organum
1728 4968 1852 5046 insigne
1877 4968 1908 5028 in
1932 4987 1981 5028 ec·

427 5073 523 5135 clesia
560 5073 734 5135 cathedrali
772 5073 918 5134 Plocensi
954 5085 986 5136 ct
1021 5085 1114 5135 vetus
1146 5093 1303 5154 organum
1336 5074 1575 5157 reformandum
1614 5095 1671 5152 pcr
1704 5076 1856 5136 Rruurn..
1882 5074 1981 5134 dnum

428 5181 597 5241 Erasmum
632 5181 668 5241 1).
693 5202 723 5260 g.
748 5183 938 5260 episcopum
975 5180 1180 5241 l'loczensem
1216 5202 1274 5258 pro
1299 5180 1327 5240 L
1352 5184 1526 5263 sexagenis
1558 5185 1603 5262 gr.
1629 5184 1657 5242 in
1685 5183 1798 5242 mediis
1828 5201 1883 5260 gr..
1916 5180 1982 5242 XV

427 5290 533 5349 choris
558 5288 666 5360 farine,
700 5289 727 5348 11
752 5289 858 5349 choris
883 5289 952 5367 pisi,
978 5287 988 5348 l
1013 5287 1113 5349 choro
1139 5287 1226 5360 milii,
1261 5288 1288 5350 11
1314 5290 1421 5368 parnis
1456 5290 1536 5350 lardi
1567 5301 1601 5350 et
1626 5289 1671 5349 Vl
1697 5289 1803 5348 tunnis
1835 5289 1981 5364 cervisie;

427 5395 615 5457 reformabit
639 5399 749 5476 itaque
773 5405 866 5456 vetus
890 5417 946 5455 seu
964 5397 1130 5475 antiquum
1148 5416 1306 5474 organum
1326 5417 1386 5476 pro
1403 5395 1449 5457 IV
1466 5397 1600 5456 vocibus
1625 5395 1705 5456 infra
1722 5396 1795 5456 hinc
1812 5407 1845 5456 et
1863 5393 1981 5456 festum

428 5503 548 5564 Pasche
581 5523 673 5583 prox.
706 5502 878 5570 exclusive.
910 5523 1028 5564 novum
1063 5523 1139 5563 vero
1173 5503 1340 5564 fabricabit
1373 5517 1404 5564 01
1438 5503 1598 5564 laborabit
1630 5523 1702 5562 cnm
1740 5502 1799 5564 XlI
1834 5502 1981 5564 vocibus:

426 5612 529 5690 prima
554 5633 619 5672 vox
643 5613 702 5672 erit
727 5611 854 5672 cimbali
880 5613 990 5678 maius,
1015 5610 1155 5670 secunda
1181 5610 1308 5671 cimbali
1335 5613 1438 5671 minus
1464 5630 1593 5678 sonans
1624 5611 1724 5671 tercia
1749 5629 1815 5671 vox
1839 5607 1980 5688 rorfhyk,

426 5727 541 5797 quarta
564 5717 643 5789 cirrk,
670 5719 782 5797 quinta
807 5719 992 5798 principalis
1015 5716 1256 5797 spuntlzowmry,
1289 5729 1383 5779 sexta
1400 5717 1523 5799 slcnrtlrr‘,
1548 5719 1687 5798 septima
1702 5715 1852 5798 slethnye,
1877 5729 1910 5778 et
1934 5718 1981 5778 sic
