4392 6672
915 689 1006 743 ANNI
1025 687 1102 746 1499.
1736 713 1777 780 73

225 789 328 800 ..u-...-

222 911 339 972 Rmam
356 909 450 972 Ptem
474 917 508 971 et
525 927 583 970 sue
600 905 685 968 Rme
703 905 769 969 Ptis
786 905 960 986 capitulum
985 907 1018 968 in
1042 907 1195 968 sinodo
1221 908 1455 973 diocesana
1479 909 1592 974 ultimo
1610 911 1777 974 celebrata

222 1017 430 1099 exigentibus
462 1013 654 1078 excessibus
686 1021 719 1076 et
743 1011 904 1075 scandalis
928 1013 1116 1077 enormibus
1140 1013 1277 1096 publicis
1310 1018 1340 1076 iu
1365 1037 1494 1078 carcere
1518 1019 1701 1081 huiusmodi
1725 1019 1777 1080 de-

222 1135 355 1206 putatus
380 1132 451 1185 erat
475 1141 513 1184 ac
537 1131 674 1202 paterne
700 1141 759 1202 per
784 1139 880 1182 unam
905 1120 993 1182 diem
1018 1120 1190 1185 dumtaxat
1214 1123 1355 1202 punitus.
1380 1123 1422 1186 Et
1446 1125 1531 1186 idem
1557 1125 1669 1188 honor.
1694 1124 1777 1187 dnus

221 1231 360 1294 Iacobus
383 1230 576 1292 correctioni
601 1247 637 1290 se
661 1227 853 1290 subiciendo
886 1227 1044 1309 obligavit
1069 1249 1104 1291 se
1135 1229 1195 1292 sub
1220 1231 1406 1310 privacione
1429 1230 1577 1294 beneficii
1602 1235 1659 1305 sui,
1689 1233 1777 1313 quod

221 1341 254 1401 in
270 1339 416 1420 predicta
432 1333 584 1400 scandala
601 1345 634 1398 et
650 1355 805 1398 excessus
829 1355 894 1396 non
912 1334 1100 1398 recidivabit
1124 1347 1157 1398 et
1174 1357 1209 1398 se
1226 1337 1335 1399 debite
1352 1339 1522 1413 custodiet,
1547 1341 1657 1402 statim
1675 1342 1774 1401 vitarn

222 1466 312 1510 suam
337 1443 534 1508 reformabit.
559 1441 658 1524 Quod
682 1443 708 1504 si
733 1443 763 1502 in
782 1443 861 1523 ipsis
885 1442 1046 1506 scandalis
1070 1455 1218 1524 repertus
1243 1443 1345 1517 suerit,
1369 1445 1410 1506 ad
1435 1447 1572 1527 primam
1596 1447 1778 1526 requisicio-

222 1573 295 1616 nem
321 1553 397 1615 Rmi
421 1551 543 1614 domini
574 1548 690 1612 cedere
715 1550 814 1613 debet
845 1549 887 1612 de
911 1571 970 1613 suo
994 1550 1160 1624 beneficio,
1192 1552 1343 1615 videlicet
1374 1551 1510 1615 ecclesia
1542 1552 1717 1633 parochiali
1745 1555 1777 1615 in

222 1659 449 1722 Radzimiuo..

435 1852 477 1915 A.
509 1869 598 1932 1499,
622 1850 816 1914 Decembris
845 1868 892 1932 13,
916 1854 948 1913 in
973 1851 1140 1916 Poltowsk
1164 1854 1195 1914 in
1220 1855 1306 1915 curia
1331 1854 1519 1935 episcopali.

332 1973 419 2043 185.
443 1975 543 2058 (Acta
566 1978 665 2058 episc.
691 1976 796 2052 VlIl..
822 1976 976 2040 Coram..
1001 1978 1066 2040 dno
1092 1978 1270 2041 Vincencio
1295 1978 1335 2041 D.
1358 2001 1388 2060 g.
1413 1982 1572 2062 episcopo
1595 1978 1777 2044 Plocensi..

222 2087 404 2166 comparuit
436 2085 467 2146 in
492 2085 610 2146 iudicio
641 2081 758 2146 nobilis
783 2084 992 2166 Margaretha
1023 2083 1135 2148 relicta
1161 2087 1277 2148 nobilis
1301 2086 1410 2148 Iacobi
1441 2088 1482 2150 de
1507 2087 1700 2151 Noszewo..
1725 2097 1778 2150 te·

222 2189 572 2277 stamentumlque]
597 2191 672 2253 olim
697 2190 813 2273 prefati
838 2191 947 2253 lacobi
971 2193 1076 2255 mariti
1093 2195 1175 2254 sui..
1200 2193 1241 2254 ad
1257 2203 1331 2256 acta
1347 2213 1405 2256 sue
1422 2193 1626 2258 Paternitatis
1651 2196 1779 2257 inscribi

223 2309 359 2382 propter
381 2301 540 2361 tuciorem
564 2300 887 2361 conservacionem..
911 2299 1034 2380 petivit.
1059 2299 1103 2361 Et
1119 2301 1203 2363 dnus
1227 2300 1331 2362 Rmus
1355 2300 1536 2382 prefatus..
1560 2303 1591 2364 in
1609 2304 1777 2384 presencia

222 2405 338 2469 nobilis
362 2406 515 2469 Stanislai
540 2407 669 2488 nepotis
693 2405 769 2469 olim
787 2405 897 2468 Iacobi
921 2409 1090 2470 testatoris
1114 2407 1366 2470 contradicentis
1390 2419 1424 2472 et
1441 2411 1662 2492 impugnantis
1678 2410 1777 2473 robur
1820 2457 1821 2462 η

221 2525 255 2578 et
271 2513 437 2578 decretum
462 2513 606 2577 eiusdem
629 2515 829 2586 testamenti,
854 2513 1026 2594 allegantis
1051 2513 1127 2576 illud
1151 2513 1366 2576 inofficiosum
1393 2526 1425 2577 et
1441 2517 1561 2579 nullum
1579 2515 1686 2590 fuisse,
1711 2537 1777 2579 non

220 2622 429 2685 obstantibus
452 2621 597 2684 eiusdem
622 2622 927 2702 impugnacionibus
952 2631 985 2684 et
1011 2620 1269 2702 allegationibus,
1293 2620 1368 2684 illud
1392 2631 1658 2687 testamentum..
1683 2624 1777 2686 ratifi·

221 2731 306 2792 cavit
317 2777 339 2791 ..
363 2731 444 2791 citra
467 2729 676 2811 preludicium
701 2730 952 2810 uniuscuiusque
971 2730 1071 2810 partis
1088 2740 1122 2792 et
1137 2728 1229 2792 salvo
1246 2731 1313 2792 iure
1330 2732 1504 2792 earundem
1521 2730 1663 2812 illudque
1679 2742 1776 2795 testa·

221 2845 366 2899 mentum
390 2837 524 2899 adacta
547 2857 604 2900 sue
628 2837 696 2900 Ptis
719 2837 879 2899 inscribi..
905 2837 1072 2899 mandavit
1096 2837 1286 2918 litterasque
1311 2838 1501 2900 monicionis
1525 2849 1636 2900 contra
1661 2859 1776 2902 omnes

221 2943 406 3006 huiusmodi
429 2955 660 3006 testamentum
686 2943 898 3024 infringentes
922 2944 1099 3006 decrevit..

329 3050 452 3112 Eadem
477 3050 688 3132 Margaretha
712 3051 831 3113 ibidem
857 3051 1008 3132 allegavit
1032 3071 1067 3113 se
1093 3071 1158 3112 non
1175 3071 1249 3113 esse
1274 3071 1420 3113 securam
1443 3053 1475 3113 in
1499 3055 1566 3114 vita
1590 3073 1649 3115 sua
1672 3052 1776 3116 huius-

222 3157 309 3220 modi
333 3156 440 3240 legata
473 3169 622 3238 repetere
655 3169 792 3238 propter
823 3159 1097 3220 comminaciones
1129 3157 1206 3220 dicti
1230 3157 1382 3222 Stanislai
1416 3170 1450 3222 et
1473 3159 1651 3220 amicorum
1675 3160 1776 3240 ipsius

222 3285 260 3327 ac
284 3265 416 3327 fratrum
442 3265 577 3327 aliorum
612 3266 711 3346 ipsius
735 3263 887 3328 Stanislai
911 3283 1150 3346 germanorum,
1183 3276 1300 3344 petens
1332 3265 1372 3327 de
1397 3269 1571 3329 securitate
1604 3267 1775 3346 provideri.

222 3371 266 3434 Et
281 3361 440 3434 'dominus
464 3371 568 3434 Rmus
594 3372 739 3452 prefatus
763 3374 846 3434 inter
870 3373 974 3436 dictas
998 3383 1107 3452 partes
1131 3383 1164 3435 et
1188 3374 1311 3434 amicos
1334 3373 1507 3435 earundem
1534 3393 1651 3454 penam
1677 3394 1776 3454 appo·

222 3481 286 3542 suit
309 3478 371 3541 XL
396 3499 582 3560 sexagenas
606 3478 780 3542 tenendam
807 3489 840 3541 et
864 3479 1102 3542 observandam
1129 3490 1162 3543 et
1186 3480 1274 3561 quod
1298 3481 1370 3560 ipse
1394 3491 1506 3560 partes
1531 3501 1638 3562 neque
1662 3501 1776 3561 perse

223 3607 329 3668 neque
353 3607 412 3667 per
436 3586 515 3648 alias
540 3586 718 3650 submissas
743 3607 900 3668 personas
925 3587 1155 3651 machinabunt
1180 3589 1283 3649 eisin
1307 3597 1479 3650 mortem..

328 3693 472 3757 Tenor
502 3695 759 3757 testamenti
784 3695 913 3776 prefati:
946 3695 980 3756 ln
1005 3695 1182 3758 nomines.
1207 3695 1377 3756 Trinitatis
1401 3705 1434 3756 et
1457 3693 1621 3755 individue
1645 3694 1777 3756 unitatis

223 3821 326 3863 amen.
365 3801 448 3863 Cum
472 3803 563 3864 iuxta
587 3805 785 3864 sentenciam
810 3799 989 3864 Salvatoris
1013 3804 1170 3864 incertum
1196 3812 1246 3863 est
1269 3802 1454 3865 hominibus
1478 3804 1615 3882 penitus,
1647 3800 1776 3882 quando

222 3907 382 3971 Dominus
399 3912 531 3980 venerit.
555 3929 629 3971 sero
653 3930 693 3971 an
711 3910 818 3972 media
842 3921 939 3972 nocte
956 3919 1026 3984 etc,
1051 3911 1172 3972 idcirco
1188 3920 1239 3972 est
1255 3919 1446 3991 preceptum
1471 3909 1604 3990 vulgare
1621 3907 1666 3989 (s).
1692 3906 1776 3988 Qua·

224 4027 359 4097 propter
391 4019 541 4079 noverint
573 4018 711 4080 universi
744 4028 810 4080 tarn
836 4027 1007 4100 presentes
1039 4038 1136 4098 quam
1163 4017 1267 4091 futuri,
1299 4016 1387 4097 quod
1411 4036 1475 4097 ego
1499 4015 1616 4077 nobilis
1640 4015 1776 4077 lacobus

222 4124 264 4186 de
288 4123 459 4196 Noszew0,
483 4135 616 4187 auctore
639 4124 784 4186 Domino
809 4145 905 4188 sanus
930 4135 1041 4187 mente
1065 4144 1203 4205 compos
1228 4125 1313 4186 bone
1337 4123 1485 4198 racionis
1517 4123 1604 4184 diem
1629 4133 1776 4184 extreme

222 4233 495 4312 peregrinacionis
520 4233 696 4312 providens
720 4232 865 4307 sollicite,
889 4232 1004 4294 nolens
1028 4231 1187 4294 decedere
1204 4234 1377 4292 intestatus
1394 4249 1502 4291 meum
1519 4229 1627 4290 condo
1644 4240 1677 4290 et
1693 4228 1775 4290 facio

221 4358 259 4400 ac
282 4339 399 4401 ordino
423 4348 657 4402 testamentum
690 4359 747 4402 seu
772 4339 917 4401 ultimam
942 4338 1144 4401 voluntatem
1171 4358 1275 4399 meam
1309 4338 1339 4397 in
1364 4337 1510 4405 modum.
1543 4337 1597 4417 qui
1621 4337 1775 4417 sequitur:

222 4443 256 4506 ln
281 4447 393 4526 primis
417 4447 457 4509 de
472 4447 491 4528 ¹)
516 4447 611 4510 bonis
635 4447 732 4508 michi
757 4468 777 4508 a
793 4447 867 4509 Deo
892 4449 1057 4508 concessis
1082 4465 1191 4506 coram
1216 4444 1368 4507 testibus:
1393 4443 1554 4505 nobilibus
1578 4443 1719 4505 Martino
1744 4453 1778 4506 et

223 4551 384 4615 Laszkarz
407 4553 449 4615 de
465 4554 638 4630 Noszew⁰,
662 4556 767 4636 primo
792 4565 824 4618 et
842 4552 1062 4635 principaliter
1086 4554 1161 4634 lego
1184 4573 1303 4633 equum
1329 4559 1362 4612 et
1386 4569 1502 4632 equam
1528 4571 1601 4612 cum
1626 4550 1655 4612 ll
1671 4531 1783 4612 bobus

223 4657 356 4722 ecclesie
389 4661 420 4722 iu
445 4657 619 4740 Ostralqka
651 4661 794 4742 plebano
820 4655 859 4723 'et
883 4662 951 4722 eius
977 4660 1173 4738 presbiteris
1206 4658 1322 4740 quibus
1346 4658 1486 4720 venditis
1516 4658 1657 4719 medium
1682 4659 1777 4719 detur

221 4768 252 4828 in
277 4787 391 4830 manus
416 4769 601 4830 vitricorum
627 4789 687 4850 pro
712 4769 947 4831 reformacione
971 4779 1028 4829 aut
1052 4778 1213 4848 perpetua
1244 4767 1439 4828 necessitate
1463 4763 1599 4826 ecclesie
1624 4765 1777 4825 medium-

223 4893 285 4954 que
309 4875 496 4956 prcsbiteris
519 4876 639 4938 ibidem
665 4897 725 4956 pro
750 4876 1068 4938 commemoracione
1093 4875 1199 4935 anime
1224 4892 1287 4934 non
1313 4881 1439 4934 tantum
1457 4891 1538 4944 mee,
1564 4890 1660 4950 quam
1678 4871 1776 4932 etiam

223 4993 366 5044 meorum
392 4983 669 5064 predecessorum.
695 4983 775 5046 Item
802 4983 1010 5064 lllargarethe
1035 4983 1173 5044 condam
1198 4979 1291 5041 uxori
1316 4999 1387 5039 mee
1408 4977 1580 5041 divortiate
1604 4976 1678 5057 lego
1702 4996 1774 5037 curn

221 5089 335 5168 pueris,
361 5109 443 5169 quos
468 5109 596 5152 cumea
621 5090 718 5152 habui
743 5089 887 5152 nondum
912 5089 1113 5160 divortiatus,
1139 5089 1247 5148 omnia
1271 5085 1402 5148 mobilia
1428 5097 1460 5147 et
1477 5083 1653 5147 immobilia
1678 5085 1776 5146 etiam

222 5206 323 5258 totam
347 5196 564 5260 hereditatem
589 5209 674 5261 terre
691 5219 764 5261 mee
789 5198 1015 5278 possessionis
1041 5215 1138 5277 quarn
1156 5205 1267 5258 teneat
1284 5193 1431 5276 pacifice;
1457 5194 1548 5272 sique
1565 5191 1654 5266 iilius,
1680 5210 1775 5271 quern

223 5305 481 5382 repartiaveram,
515 5305 592 5366 velit
616 5325 651 5366 se
676 5307 793 5368 inicere
826 5307 1069 5386 propinquitate
1102 5306 1133 5363 in
1158 5303 1245 5364 bona
1276 5301 1466 5363 hereditatis
1499 5311 1592 5370 terre,
1623 5297 1687 5360 hoc
1710 5317 1775 5358 non

225 5429 343 5486 recus0,
375 5413 436 5474 nisi
461 5413 550 5491 prius
574 5413 630 5474 det
655 5411 861 5494 Margarethe
893 5413 1039 5492 predicte
1071 5409 1136 5471 XX
1166 5429 1349 5490 sexagenas
1382 5409 1412 5468 in
1437 5407 1550 5468 mediis
1575 5426 1622 5485 gr.
1647 5406 1775 5466 racione

225 5517 378 5597 dotalicii;
409 5529 528 5601 postea
551 5519 649 5584 faciat
673 5522 863 5583 divisionem
889 5539 961 5580 curn
987 5520 1094 5600 pueris
1118 5519 1208 5591 meis,
1233 5535 1317 5596 quos
1341 5515 1509 5576 habuimus
1533 5532 1605 5574 cum
1631 5511 1776 5592 predicta

329 5748 351 5808 Ι)
370 5749 434 5800 cod.
454 5765 512 5814 que.

326 5863 384 5904 Acta
397 5859 550 5904 caelelestius.
566 5861 601 5904 lll.
