4458 6674
805 640 986 694 rnnonnn
1006 637 1190 696 rma-1503.
1734 661 1775 730 93

1469 736 1757 746 —-——·-—-..——-.-.-.--.
1769 741 1775 746 .

226 853 268 916 ad
292 855 447 933 premissa
472 854 676 916 audiendum.
707 853 840 918 Adiecit
864 857 967 918 eciam
991 855 1076 918 idem
1102 842 1269 928 executor,
1294 856 1381 937 quod
1405 857 1510 920 dictus
1534 858 1671 922 lacobus
1695 860 1777 924 dixit

225 981 260 1022 se
284 979 350 1022 non
374 981 472 1041 posse
497 965 607 1024 venire
631 960 673 1022 ad
698 971 879 1043 pretactum
904 965 1086 1037 terminum,
1111 965 1186 1044 qnia
1202 963 1280 1026 dicit
1303 963 1361 1025 sibi
1379 965 1500 1026 instare
1516 967 1600 1026 viam
1618 967 1660 1029 ad
1675 967 1776 1028 dnum

226 1066 428 1130 Cardinalem
453 1087 513 1149 pro
538 1068 653 1130 litteris
677 1069 869 1132 obtinendis.
894 1105 936 1116 —-
962 1069 1003 1132 A.
1029 1071 1173 1132 notarius
1197 1070 1399 1150 subscripsit.

439 1261 481 1324 A.
510 1275 602 1342 1503.
626 1261 761 1324 Ianuarii
788 1279 839 1342 30,
862 1264 893 1324 in
918 1263 1059 1344 Iunyecz
1082 1265 1113 1324 in
1138 1265 1225 1326 curia
1249 1264 1437 1346 episcopali.

334 1381 424 1452 227.
448 1385 546 1482 (Acta
562 1387 659 1468 episc.
676 1385 781 1464 Vin..
806 1386 955 1449 Honesta
970 1387 1178 1469 Margaretha
1203 1389 1311 1450 lacobi
1336 1387 1446 1451 Cuzno
1471 1389 1512 1450 de
1528 1389 1779 1454 Praiborowicze

227 1493 327 1555 citato
351 1493 449 1554 nobili
473 1492 614 1556 Alberto
639 1492 858 1556 Rothkowslri
883 1496 981 1574 peciit
1003 1497 1035 1556 in
1052 1516 1148 1556 cansa
1172 1497 1257 1558 inter
1280 1499 1384 1576 ipsam
1409 1508 1443 1560 et
1460 1497 1639 1577 predictum
1665 1499 1782 1561 Alber·

227 1609 294 1662 tum
328 1600 358 1660 in
383 1601 470 1662 curia
501 1621 559 1662 sue
591 1601 675 1662 Rme
699 1600 766 1662 Ptis
798 1601 983 1663 introducta
1015 1603 1162 1664 concludi
1195 1614 1227 1664 et
1251 1605 1450 1666 sentenciam
1484 1606 1698 1686 pronunciari.
1735 1605 1781 1668 ·Et

227 1705 330 1766 Rmus
355 1708 437 1768 dnus
460 1707 537 1770 visis
553 1709 684 1770 testium
709 1706 973 1785 deposicionlbus
998 1717 1030 1770 et
1046 1709 1157 1771 audita
1181 1708 1386 1772 consessione
1410 1711 1510 1790 ipsius
1527 1711 1659 1774 Alberti
1683 1732 1781 1794 super

226 1815 492 1893 impregnacione
517 1815 724 1895 Margarethe
747 1816 900 1889 decrevit,
925 1817 1075 1896 quatinus
1099 1815 1257 1880 Albertus
1280 1819 1410 1878 racione
1433 1819 1579 1898 predicte
1603 1821 1782 1899 impregna-

228 1921 329 1982 clonis
353 1921 562 2002 Margarethe
600 1921 643 1983 llI
667 1941 851 2004 sexagenas
886 1942 958 1982 cum
992 1923 1098 1984 media
1129 1943 1190 2004 pro
1222 1922 1312 2002 prole
1345 1925 1512 1986 educanda
1547 1925 1715 2006 persolvat
1749 1937 1782 1988 et

229 2046 247 2086 a
273 2047 377 2106 pena
403 2028 563 2090 domini
588 2029 691 2090 ville
714 2049 785 2090 eam
811 2030 939 2092 evincat
964 2040 997 2091 et
1021 2028 1156 2092 eliberet
1180 2031 1239 2092 sub
1263 2031 1406 2094 censuris
1430 2032 1692 2094 ecclesiasticis..

337 2130 427 2200 228.
451 2133 551 2214 (Acta
575 2137 670 2218 episc.
696 2135 755 2215 la).
780 2135 937 2198 Testes
960 2135 1153 2216 infrascripti
1177 2158 1218 2200 ex
1242 2139 1472 2200 commissione
1496 2137 1603 2200 Rmi..
1628 2139 1683 2200 dni
1706 2139 1783 2202 Vin·

230 2243 363 2304 cencii..
389 2244 534 2324 episcopi
559 2243 725 2306 Plocensis
758 2264 815 2322 per
839 2263 946 2304 vener.
972 2245 1069 2304 dnum
1096 2244 1265 2306 Nicolaum
1297 2244 1339 2306 de
1363 2243 1492 2306 Brulino
1524 2246 1726 2308 licenciatum
1751 2249 1783 2308 in

230 2347 379 2420 decretis
411 2348 636 2411 cancellarium
660 2369 717 2412 sue
743 2351 827 2412 ane
851 2349 919 2412 Ptis
943 2350 983 2411 de
1007 2352 1073 2412 vita
1098 2361 1130 2414 et
1154 2351 1297 2414 moribus
1322 2351 1473 2414 Iohannis
1498 2351 1628 2430 plebani
1657 2354 1687 2414 in
1713 2351 1783 2415 Clu·

233 2457 360 2518 kowo..
385 2457 508 2538 recepti
533 2468 565 2520 ct
590 2459 782 2520 examinati:

273 2605 274 2609 =
337 2561 501 2624 Primus
524 2565 616 2626 testis
648 2564 808 2627 discretus
832 2565 988 2627 Nicolaus
1012 2566 1172 2646 presbiter
1195 2566 1333 2626 vicarius
1357 2568 1388 2626 in
1413 2563 1572 2628 Clulrowo
1602 2566 1701 2630 frater
1723 2567 1785 2628 cle·

233 2668 399 2731 nodialis..
425 2672 644 2751 interrogatus
669 2673 710 2734 de
734 2673 799 2733 vita
825 2670 954 2752 plebani
979 2672 1010 2732 in
1035 2670 1196 2732 Clulrowo
1221 2684 1254 2734 et
1278 2684 1384 2736 utrum
1409 2671 1529 2735 habeat
1552 2676 1783 2736 commercium

232 2788 265 2837 et
288 2780 565 2840 commansionem
597 2799 670 2841 cum
695 2779 794 2840 Anna
825 2777 958 2841 srliastra
982 2799 1048 2851 sua,
1079 2791 1176 2858 prout
1207 2779 1287 2841 alias
1318 2779 1349 2840 in
1382 2781 1535 2842 sinodo
1567 2778 1626 2842 luit
1657 2779 1785 2843 delatus

234 2903 291 2962 per
307 2883 576 2958 archidiaconum,
599 2905 704 2948 uxore
729 2883 854 2948 Nicolai
880 2884 1004 2948 Colano
1028 2885 1184 2966 oppidani
1209 2885 1250 2948 de
1272 2885 1470 2960 Polthowsk,
1496 2888 1673 2966 respondit,
1698 2887 1785 2967 quod

234 2992 342 3053 visitat
366 3012 446 3074 sepe
470 2991 644 3072 plebanum
670 3012 805 3054 manens
829 2994 916 3074 apud
934 3003 1060 3073 patrem
1085 3003 1117 3054 et
1134 2993 1212 3054 vidit
1230 3012 1301 3054 eam
1319 2993 1412 3054 testis
1429 2993 1620 3055 multociens
1637 2994 1667 3054 in
1685 2993 1786 3055 domo

234 3099 334 3178 ipsius
358 3110 391 3161 et
415 3119 623 3162 commanere
648 3098 708 3160 sibi
734 3101 816 3162 sicut
842 3099 971 3170 focaria,
995 3111 1028 3162 et
1052 3111 1103 3162 est
1127 3098 1254 3181 publica
1280 3098 1365 3162 sama
1389 3109 1422 3161 et
1447 3083 1597 3180 suspicio,
1622 3099 1711 3180 quod
1735 3117 1787 3160 co-

235 3205 361 3267 habitat
384 3225 456 3268 cum
482 3227 529 3268 ea.
555 3206 603 3267 De
628 3206 698 3268 aliis
723 3209 817 3269 testis
842 3204 936 3268 nichil
960 3207 1028 3268 scit.

340 3309 562 3376 Secundus
586 3315 680 3376 testis
697 3315 856 3375 discretus
873 3311 1052 3376 Stanislaus
1069 3313 1109 3375 de
1126 3312 1365 3382 Czechomicze,
1390 3313 1528 3374 vicarius
1544 3314 1576 3373 in
1593 3310 1753 3376 Clukowo
1764 3362 1787 3376 ..

234 3419 484 3499 interrogatus..
521 3433 628 3482 utrum
661 3419 772 3483 foveat
803 3424 834 3481 in
860 3422 958 3482 domo
990 3420 1155 3481 mulierem
1191 3439 1327 3482 uxorem
1361 3417 1486 3481 Colano
1519 3429 1653 3498 neptam
1685 3439 1787 3494 suam,

234 3528 411 3607 respondit.
438 3527 526 3608 quod
549 3527 711 3590 interdurn
736 3528 812 3589 dum
838 3527 930 3590 testis
954 3527 1106 3589 invitatur
1129 3527 1169 3588 ad
1188 3527 1357 3606 prandium
1383 3547 1441 3606 per
1457 3524 1641 3607 plebanum,
1665 3527 1788 3588 invenit

235 3633 370 3694 eandem
395 3635 479 3696 circa
504 3655 666 3710 mensam,
698 3635 740 3698 de
764 3633 1011 3696 cohabitacione
1036 3645 1145 3696 mutua
1177 3631 1273 3696 nichil
1296 3631 1462 3713 deponere
1486 3634 1588 3701 scivit,
1622 3633 1787 3714 quianon

235 3741 343 3804 visitat
367 3739 552 3822 plebanum.
576 3743 635 3803 nisi
660 3751 694 3805 ut
718 3744 910 3824 premissum
936 3751 995 3812 est,
1019 3743 1122 3802 nescit
1146 3751 1264 3806 tamen.
1297 3761 1336 3802 an
1362 3739 1448 3821 apud
1473 3749 1610 3822 patrem,
1634 3759 1674 3802 an
1700 3738 1786 3818 apud

237 3847 409 3928 plebanum
434 3869 558 3912 moram
582 3849 700 3921 trahat,
724 3859 903 3912 esttamen
927 3849 1068 3925 suspicio
1093 3849 1220 3910 sinistra
1244 3848 1286 3910 de
1303 3847 1551 3910 cohabitacione
1573 3847 1674 3926 ipsius
1697 3845 1787 3915 inho·

237 3965 338 4026 nesta,
362 3958 577 4018 communiter
601 3957 784 4026 inebriatur,
808 3957 865 4017 sed
890 3975 956 4016 non
980 3955 1181 4026 scandalose,
1205 3952 1267 4016 alia
1289 3955 1423 4016 nescit..

343 4062 531 4142 Quartus
555 4064 649 4124 testis
674 4061 789 4124 nobilis
814 4062 975 4124 lohannes
998 4060 1094 4122 heres
1118 4072 1150 4122 et
1176 4070 1332 4140 patronus
1355 4063 1386 4120 in
1412 4058 1581 4139 ClukoWO,
1608 4058 1707 4122 frater
1730 4059 1789 4122 cle·

237 4169 372 4230 nodialis
389 4170 550 4250 plebani..
575 4173 793 4251 interrogatus
809 4173 881 4232 de..
905 4170 1160 4232 conversacione
1177 4187 1249 4230 cum
1267 4168 1407 4248 quadam
1425 4167 1524 4228 Anna
1544 4187 1647 4230 uxore
1664 4165 1789 4229 Colano

236 4274 368 4337 srliastra
392 4297 458 4348 sua,
489 4280 667 4359 respondit,
699 4279 787 4358 quod
813 4275 891 4340 vidit
915 4297 986 4338 eam
1019 4277 1179 4338 continuis
1208 4275 1322 4336 diebus
1345 4285 1603 4336 commorantem
1634 4273 1665 4334 in
1691 4275 1791 4336 domo

237 4393 351 4444 suaet
375 4387 463 4464 quod
487 4387 608 4448 audivit
631 4385 725 4448 testis
750 4406 768 4446 a
792 4383 958 4445 Bernardo
982 4381 1069 4444 affini
1093 4403 1152 4444 suo
1176 4380 1255 4443 alias
1277 4401 1394 4442 scurra
1418 4381 1460 4442 de
1484 4381 1711 4454 Czarnoczino‚
1736 4381 1790 4460 qui

238 4491 368 4554 servivit
392 4491 496 4553 eidem
522 4512 607 4554 anno
625 4501 799 4562 transacto,
824 4491 910 4570 quod
936 4493 1089 4552 continue
1105 4488 1272 4551 cohabitat
1288 4488 1381 4550 sibi..
1407 4487 1486 4550 ltem
1504 4487 1593 4550 fovet
1609 4489 1639 4548 in
1657 4487 1792 4550 taberna

237 4617 294 4658 sua
319 4620 423 4680 prope
447 4599 617 4662 ecclesiam
642 4600 720 4662 satis
744 4599 932 4660 inhonestas
956 4596 1107 4659 mulieres
1131 4607 1164 4658 et
1187 4595 1348 4658 scandalis
1371 4592 1498 4674 plenas;
1521 4591 1583 4657 alia
1606 4595 1744 4656 nescit..

452 4792 494 4854 A.
524 4807 614 4872 1503,
639 4791 717 4852 Iunii
747 4810 793 4872 19,
818 4791 848 4852 in
873 4789 1077 4870 Mankolyno
1102 4791 1132 4850 in
1157 4791 1243 4851 curia
1268 4787 1455 4869 episcopali.

346 4913 436 4982 229.
467 4916 567 4999 (Acta
590 4918 687 4994 episc.
713 4915 817 4996 Vlll..
850 4915 969 4976 Rm0..
1001 4914 1067 4975 dno
1090 4911 1270 4974 Vincencio
1302 4911 1342 4974 D.
1366 4933 1396 4990 g.
1420 4912 1579 4992 episcopo
1612 4911 1792 4975 Plocensi..

240 5027 434 5088 iudicante..
458 5045 538 5106 mgr.
562 5021 743 5086 Stanislaus
768 5021 991 5082 Dambrowka
1014 5030 1206 5101 procurator
1230 5019 1425 5099 legitimus..
1455 5037 1560 5080 vener.
1586 5018 1641 5080 dni
1665 5017 1793 5081 Nicolai

240 5134 281 5196 de
298 5133 452 5212 Brolyno,
477 5130 635 5193 licenciati
652 5133 682 5190 in
699 5130 839 5192 decretis
857 5127 984 5209 plebani
1003 5131 1034 5188 in
1051 5125 1271 5195 ScolathOWO,
1288 5135 1402 5187 contra
1418 5125 1578 5186 discretos
1595 5122 1792 5186 Stanislaum

241 5239 280 5300 de
305 5237 473 5321 Zyelrlulri,
505 5235 680 5300 Iohannem
713 5237 754 5298 de
779 5233 977 5315 Wyeczwna
1002 5244 1035 5296 et
1058 5233 1211 5295 Iacobum
1236 5233 1278 5294 de
1303 5229 1452 5305 Gosthin,
1485 5241 1629 5292 assertos
1658 5229 1794 5292 clericos

240 5347 380 5410 diocesis
403 5347 445 5408 V.
470 5347 555 5408 Rme
581 5345 654 5418 Ptis,
679 5344 850 5426 proposuit
874 5343 904 5402 in
931 5339 1070 5422 querela,
1095 5341 1262 5420 quomodo
1286 5359 1371 5400 anno
1399 5348 1432 5402 et
1458 5357 1568 5398 mense
1593 5337 1794 5398 currentibus

242 5455 391 5518 videlicet
424 5455 495 5534 ipso
520 5451 594 5536 [die]
626 5453 832 5514 sacratissimi
858 5450 1012 5530 Corporis
1037 5447 1155 5510 Christi
1188 5446 1267 5508 infra
1299 5447 1468 5506 missarum
1501 5445 1646 5506 solennia
1677 5441 1794 5524 prefati

241 5561 380 5624 clerici..
405 5561 648 5646 inuscandalum
667 5557 928 5634 Christilidelium
954 5557 994 5618 ad
1011 5556 1120 5618 divina
1145 5565 1420 5635 congregatorum
1445 5553 1476 5612 in
1493 5554 1598 5632 ipsam
1622 5551 1793 5612 ecclesiam

241 5673 456 5734 irreverenter
486 5671 642 5732 intrantes
667 5667 786 5730 ibidem
810 5665 929 5728 multas
952 5665 1155 5736 insolencias,
1188 5679 1334 5722 rumores
1365 5671 1398 5724 et
1423 5659 1522 5722 divini
1544 5657 1649 5720 cultus
1674 5667 1795 5738 pertur-
