4392 6672
415 671 456 739 54
892 657 983 707 acra
1002 655 1126 708 ruurcn
1145 655 1282 706 nectas.
1303 655 1489 706 emeansrs

412 871 587 940 ordinibus,
611 881 721 932 tamen
738 869 842 930 adhuc
860 881 910 932 est
926 869 1052 931 inabilis
1076 879 1109 931 et
1133 869 1315 932 nonhabet
1339 868 1444 930 locutu
1472 867 1577 930 standi
1604 869 1634 929 in
1651 867 1845 928 consistorio
1871 877 1902 927 et
1926 865 1966 926 ad

413 979 576 1058 agendum
600 998 660 1060 pro
678 997 726 1048 eo,
752 979 825 1058 quia
849 987 900 1039 est
924 977 1108 1056 inculpatus
1132 979 1162 1036 in
1180 978 1246 1038 iure
1270 975 1407 1038 seculari
1431 995 1492 1057 pro
1515 975 1752 1036 homicidio
1777 973 1871 1046 iacto,
1897 995 1968 1053 pro

413 1083 578 1158 damatus,
613 1083 788 1145 infamatus
828 1097 961 1164 propter
996 1085 1192 1145 occisionem
1225 1085 1272 1144 sui
1297 1085 1380 1144 servi
1413 1094 1446 1144 et
1479 1083 1520 1144 de
1544 1091 1630 1144 terra
1662 1091 1695 1144 et
1719 1099 1777 1142 sua
1802 1079 1968 1160 provincia

413 1192 604 1252 absentatur
627 1192 717 1252 iuxta
748 1190 915 1252 laudum
948 1201 1071 1261 terre,
1103 1199 1137 1250 et
1160 1209 1219 1270 per
1242 1189 1305 1250 hoc
1330 1190 1414 1258 dicit,
1448 1189 1536 1269 quod
1561 1190 1667 1250 amisit
1692 1190 1740 1248 ius
1764 1185 1910 1250 clericale
1934 1196 1968 1250 et

413 1297 560 1360 ordinum
587 1299 755 1370 minorum,
787 1291 906 1378 petens
929 1299 1033 1377 ipsum
1059 1297 1221 1358 semoveri
1252 1298 1362 1357 aiore
1386 1298 1544 1376 spirituali
1576 1305 1609 1358 et
1633 1297 1800 1358 accionem
1824 1313 1888 1355 nou
1914 1293 1967 1354 ba·

414 1405 491 1466 berc
510 1425 614 1484 neque
635 1425 732 1484 posse
751 1400 977 1488 [pronunciari]
1012 1403 1063 1464 Ex
1080 1403 1220 1465 adverso
1238 1401 1392 1464 Nicolaus
1409 1401 1609 1465 baccalarius
1626 1413 1817 1483 procurator
1833 1400 1967 1462 Marci..

414 1513 553 1573 obtinuit
577 1513 748 1573 terminum
774 1511 815 1572 ad
840 1510 1034 1590 quindenam
1060 1510 1222 1591 ponendis
1245 1511 1549 1591 replicacionibus..

627 1703 669 1766 Α.
699 1704 790 1783 1485,
814 1703 894 1766 lunii
919 1719 971 1783 30,
995 1705 1024 1764 in
1053 1702 1216 1766 t’oltowsk
1240 1704 1270 1764 in
1295 1705 1382 1764 curia
1406 1703 1594 1783 episcopali.

527 1824 612 1892 144.
637 1830 735 1908 (Acta
760 1831 856 1907 episc.
883 1827 968 1908 llll..
1001 1825 1152 1889 Coram..
1178 1827 1243 1888 dno
1268 1825 1365 1889 Petro
1392 1827 1429 1888 D.
1453 1847 1483 1907 g.
1508 1827 1667 1908 episcopo
1692 1825 1837 1886 Plocensi
1863 1825 1967 1905 provi·

347 1975 349 1979 ,
413 1938 473 1998 dus
498 1934 639 1997 Mathias
665 1935 835 2005 Poczadze‚
861 1955 903 1996 ex
927 1937 994 1996 iure
1019 1955 1076 2014 per
1102 1933 1262 2015 prefatum
1289 1933 1407 1994 Rmum
1432 1935 1531 1994 dnum
1558 1933 1758 2014 Episcopum
1792 1933 1968 2009 deputatus

415 2044 455 2104 ad
480 2043 749 2104 emensurandum
775 2063 872 2121 agros
896 2050 929 2102 et
946 2061 1077 2104 mansos
1094 2041 1322 2104 lrmethonales
1344 2053 1378 2102 et
1396 2043 1627 2102 advocatorum
1653 2043 1682 2100 in
1700 2037 1774 2101 villa
1790 2042 1967 2113 t'ankowo,

414 2152 444 2210 in
471 2152 639 2230 presencia
662 2148 873 2210 honestorum
900 2148 1023 2209 Nicolai
1051 2147 1184 2216 Wronlc‚
1217 2147 1348 2210 Stiborii
1373 2148 1496 2210 Matbie
1522 2147 1640 2220 Mrocz,
1672 2144 1822 2208 Stanislai
1849 2147 1968 2208 Robalt

414 2257 619 2318 scabinorum
644 2257 731 2317 dicte
748 2257 820 2317 ville
837 2254 1006 2318 Cankowo
1022 2259 1222 2338 recognovit,
1247 2256 1321 2335 quia
1338 2268 1515 2335 postquam
1540 2275 1598 2333 per
1614 2267 1828 2316 memoratum
1847 2255 1967 2316 Rmum

414 2364 512 2424 dnum
538 2363 739 2443 Episcopum
765 2361 823 2423 fuit
847 2361 1028 2424 destinatus
1060 2362 1101 2424 ad
1126 2361 1286 2442 prefatam
1311 2361 1622 2433 emensuracionem,
1653 2375 1775 2423 extunc
1804 2363 1879 2423 dum
1905 2365 1966 2422 iam

415 2469 591 2549 incipiebat
615 2489 802 2531 mensurare
826 2489 923 2548 agros
948 2467 1177 2530 lcmethonales
1201 2481 1234 2531 et
1259 2487 1399 2538 mansos,
1424 2479 1500 2529 tunc
1525 2488 1606 2530 uuus
1630 2489 1673 2531 ex
1689 2469 1866 2544 advocatis,
1891 2469 1963 2530 Bar-

414 2575 600 2638 tholomeus
626 2578 762 2648 nomine,
795 2577 876 2638 dixit
900 2595 1071 2655 expresse:
1102 2577 1129 2638 si
1153 2575 1244 2637 alicui
1276 2595 1354 2656 ager
1382 2577 1517 2636 cesserit
1549 2594 1641 2636 meus
1665 2577 1856 2656 extirpatus,
1881 2575 1967 2636 illurn

413 2703 485 2762 ego,
518 2685 755 2763 quamprimum
789 2683 938 2744 transibit
962 2701 1062 2754 arare,
1094 2703 1166 2744 eum
1192 2681 1380 2744 interficiam
1413 2693 1445 2743 et
1470 2683 1531 2744 iste
1555 2701 1633 2762 ager
1663 2681 1874 2761 perfundetur
1898 2701 1968 2742 san·

415 2792 525 2870 guine;
558 2789 646 2869 quod
671 2799 703 2851 et
727 2791 848 2852 scabini
874 2791 917 2851 ita
941 2790 1163 2869 deposuerunt
1188 2809 1297 2850 coram
1324 2789 1451 2869 prelato
1475 2789 1540 2850 dno
1565 2787 1740 2868 Episcopo.
1781 2787 1824 2851 Et
1847 2789 1966 2850 ibidem

416 2896 518 2957 Rmus
542 2897 625 2957 dnus
643 2895 827 2976 Episcopus
852 2898 1046 2976 interposuit
1071 2897 1199 2958 vadium
1224 2896 1374 2958 omnibus
1398 2905 1464 2957 tam
1490 2895 1724 2958 lcmethouibus
1749 2915 1846 2976 quam
1870 2896 1967 2958 advo-

415 3007 495 3064 catis
520 3001 548 3064 L
572 3023 820 3084 sexagenorum,
845 3004 933 3086 quod
958 3005 983 3066 si
1001 3004 1116 3083 aliquis
1141 3003 1353 3066 ltmethonum
1378 3015 1432 3065 aut
1457 3003 1690 3064 advocatorum
1715 3005 1798 3063 circa
1823 3023 1966 3064 emensu-

412 3113 584 3184 racioncm,
617 3131 713 3191 quam
739 3111 810 3191 ipse
834 3111 917 3173 dnus
941 3111 1126 3191 Episcopus
1157 3111 1301 3173 decrevit
1326 3111 1434 3172 denuo
1466 3109 1654 3178 faciendam,
1686 3109 1786 3172 modo
1813 3111 1968 3171 iniurioso

412 3230 524 3280 contra
543 3237 769 3298 quemcunque
786 3215 969 3290 officialem,
986 3217 1198 3280 kmethonem
1224 3229 1256 3279 et
1273 3218 1467 3280 advocatum
1487 3219 1674 3290 excesserit,
1698 3227 1820 3278 extunc
1838 3217 1966 3278 vadium

412 3327 492 3400 luet;
516 3329 617 3386 eciam
643 3327 712 3405 ipse
737 3325 841 3386 Rmus
865 3326 948 3387 dnus
971 3325 1158 3406 Episcopus
1182 3326 1350 3388 advocatis
1375 3346 1435 3404 pro
1458 3325 1601 3404 capitulo
1625 3323 1767 3406 generali
1798 3343 1858 3404 pro
1883 3322 1967 3385 sesto

413 3433 599 3494 Natiuitatis
632 3432 733 3494 Marie
766 3434 796 3493 in
822 3431 963 3494 Ploczko
995 3433 1191 3494 celebrando
1213 3429 1295 3494 ¹cum
1329 3432 1449 3494 iuribus
1481 3451 1579 3512 super
1602 3431 1820 3499 advocaciam,
1854 3433 1878 3493 si
1904 3449 1967 3511 que

413 3537 541 3610 liabent,
567 3541 679 3602 statuit
704 3541 877 3602 terminum
901 3541 1146 3620 comparendi..

626 3731 667 3794 A.
697 3733 790 3811 1485,
819 3731 882 3793 lulii
909 3749 959 3811 29.
984 3733 1016 3794 in
1040 3732 1208 3794 Poltowsk
1233 3733 1263 3792 in
1288 3733 1373 3792 curia
1399 3731 1585 3812 episcopali.

526 3853 608 3922 145.
633 3860 733 3936 (Acta
748 3859 846 3946 episc.
864 3857 948 3935 ltu..
972 3856 1142 3920 Discretus
1166 3857 1279 3920 Petrus
1306 3857 1463 3936 plebanus
1486 3859 1516 3917 in
1536 3854 1733 3918 Semonowo
1751 3859 1782 3916 in
1800 3855 1967 3918 Poltowsk

412 3965 555 4027 monitus
587 3967 780 4045 comparuit,
812 3975 845 4026 et
870 3967 944 4045 quia
969 3985 1077 4045 penas,
1110 3967 1139 4024 in
1165 3964 1281 4044 quibus
1313 3965 1422 4026 extitit
1454 3983 1514 4045 pro
1540 3983 1590 4033 e0‚
1623 3962 1711 4043 quod
1742 3964 1773 4022 in
1799 3963 1966 4042 synodo

411 4073 664 4154 dyocesana
696 4093 750 4151 per
774 4091 864 4134 suam
890 4071 982 4134 Ptem
1006 4073 1038 4133 in
1062 4069 1229 4133 Poltowsk
1253 4071 1418 4132 celebrata
1444 4089 1508 4132 non
1533 4072 1723 4150 comparuit,
1756 4079 1789 4130 et
1813 4089 1873 4150 pro
1897 4067 1967 4128 aliis

412 4178 602 4240 excessibus
625 4179 727 4258 ipsius
752 4199 789 4240 ac
807 4179 972 4240 demeritis
998 4177 1268 4260 [condemnatus],
1292 4179 1374 4240 dixit
1400 4197 1462 4239 non
1480 4177 1600 4238 habere
1617 4197 1652 4238 se
1671 4177 1858 4248 soluturum,
1883 4175 1966 4236 dnus

413 4285 595 4366 Episcopus
630 4285 752 4364 preficit
776 4287 880 4348 eidem
906 4287 1087 4357 terminum,
1120 4295 1155 4346 ut
1178 4293 1369 4364 compareat
1400 4287 1430 4344 in
1456 4282 1664 4346 Polthowszk
1692 4303 1801 4345 coram
1828 4303 1884 4342 sua
1909 4281 1966 4343 Pte

412 4392 492 4454 infra
517 4393 589 4453 hiuc
614 4403 647 4456 et
673 4393 698 4453 ll
725 4395 924 4474 septimanas
948 4395 989 4455 ad
1014 4393 1236 4474 deputandum
1263 4393 1322 4454 sibi
1347 4390 1452 4453 locum
1478 4391 1655 4472 penitendi.

625 4585 666 4648 A.
697 4585 787 4664 1486,
813 4587 888 4647 Maii
914 4600 963 4664 25,
991 4589 1020 4646 in
1047 4585 1215 4648 Poltowsk
1239 4587 1270 4646 in
1294 4587 1382 4646 curia
1406 4583 1591 4666 episcopali

524 4705 609 4774 146.
635 4711 733 4792 (Acta
750 4713 847 4790 episc.
865 4711 950 4786 llll..
977 4709 1130 4772 Coram..
1156 4711 1221 4770 dno
1238 4709 1334 4772 Petro
1353 4709 1390 4770 D.
1407 4729 1437 4791 g.
1463 4711 1622 4789 episcopo
1639 4707 1795 4778 Plocensi,
1819 4707 1965 4769 Mazovie

411 4815 613 4890 cancellario,
639 4818 756 4880 nobilis
780 4817 927 4896 Zemyak
952 4816 1201 4896 Gosthkowsky
1225 4818 1404 4878 advocatus
1429 4817 1458 4876 in
1478 4816 1597 4896 Pszary
1621 4815 1694 4876 villa
1712 4835 1826 4877 mense
1843 4817 1966 4894 episco-

412 4924 494 5003 palis
526 4925 637 4984 oblata
668 4925 863 4986 citacioue..
888 4935 1003 4986 coutra
1034 4923 1146 4984 honor.
1171 4921 1367 4985 Stanislaum
1400 4922 1575 5003 plebanum
1608 4923 1639 4983 in
1670 4920 1818 4984 Obrite..
1852 4923 1965 5000 petivit

411 5051 488 5092 suos
511 5030 660 5092 homines
692 5031 835 5092 indicta
866 5031 1038 5092 advocatia
1071 5031 1251 5092 residentes
1283 5039 1316 5090 et
1340 5027 1466 5090 locatos
1498 5025 1539 5089 ad
1564 5029 1753 5091 instanciam
1786 5028 1888 5108 ipsius
1910 5027 1965 5088 dni

410 5135 561 5200 Stanislai
585 5137 629 5199 ob
648 5157 712 5198 non
730 5137 930 5198 solucionem
954 5149 1007 5217 sep
1025 5137 1162 5213 absolvi;
1187 5137 1275 5197 dicto
1291 5134 1454 5198 Stanislao
1478 5134 1640 5217 allegante
1663 5148 1695 5198 et
1712 5136 1964 5206 contradicente,

411 5245 499 5326 quod
523 5265 588 5306 non
612 5247 744 5306 venient
770 5245 809 5306 de
825 5245 892 5306 iure
909 5244 1108 5314 absolvendi,
1135 5245 1210 5323 quia
1226 5263 1261 5304 se
1278 5263 1343 5304 non
1360 5241 1567 5305 conformant
1583 5245 1615 5304 in
1632 5244 1704 5323 ipsa
1721 5243 1888 5304 solucione
1911 5253 1965 5322 sep

410 5371 481 5414 cum
506 5351 574 5413 aliis
598 5351 723 5414 villanis
748 5361 780 5412 et
797 5352 911 5412 incolis
936 5351 1021 5417 dicte
1048 5349 1119 5411 ville
1137 5350 1266 5428 Pszary,
1292 5359 1426 5428 petente
1450 5349 1585 5410 eosdem
1601 5347 1751 5429 compelli
1768 5349 1809 5410 ad
1827 5348 1963 5409 similem

410 5459 609 5522 solucionem
635 5469 668 5520 et
692 5457 849 5539 equalem,
875 5461 957 5520 sicut
981 5458 1031 5518 alii
1058 5455 1171 5526 incole,
1203 5475 1241 5517 ac
1265 5458 1370 5537 ipsum
1395 5455 1517 5518 Zemat
1541 5457 1737 5517 advocatum
1762 5456 1803 5517 ad
1828 5455 1965 5517 decima·

410 5569 537 5630 cionem
562 5567 706 5640 similem,
731 5566 814 5628 sicut
837 5567 889 5626 alii
914 5565 1064 5627 advocati
1089 5566 1119 5624 in
1138 5561 1219 5625 villis
1243 5560 1482 5644 episcopalibus
1507 5563 1677 5624 decimant.
1701 5561 1745 5624 Et
1762 5561 1866 5624 Rmus
1883 5563 1965 5624 dnus

413 5674 597 5755 Episcopus
629 5675 784 5743 decrevit,
820 5685 856 5734 ut
888 5673 957 5754 ipse
989 5669 1112 5736 Zemak
1143 5671 1323 5733 advocatus
1355 5667 1461 5732 solvat
1492 5669 1650 5731 decimam
1676 5669 1907 5749 manipularem
1931 5679 1964 5730 et
