4392 6672
864 708 868 716 ·
907 693 997 745 Α’ΝΝῙ
1016 693 1095 747 1473.
1250 731 1253 740 .
1308 733 1311 740 .
1740 713 1781 780 39

1273 785 1780 796 --——-—-——-.-a-———-——·-—-·---

437 907 477 968 A.
507 921 597 988 1473,
621 905 687 968 Mai
716 924 763 984 141
787 909 818 966 in
843 907 1011 968 Poltowsk
1034 909 1065 968 in
1090 909 1177 969 curia
1201 909 1387 990 episcopali.

226 1041 231 1046 ·
335 1010 421 1077 103.
445 1013 543 1092 (Acta
559 1013 662 1094 episc.
687 1013 748 1094 111).
774 1011 895 1076 Oblata
911 1017 1142 1095 proposicione
1158 1034 1268 1076 coram
1293 1015 1380 1076 Rmo
1404 1015 1470 1076 dno
1493 1015 1657 1076 Kazimiro
1674 1015 1781 1077 electo

223 1120 416 1182 confirmato
440 1120 588 1182 Plocensi
613 1119 695 1182 duce
721 1120 867 1182 Mazovie
890 1121 1021 1182 nomine
1046 1121 1251 1200 instigatorio
1269 1133 1382 1183 contra
1404 1121 1563 1183 discretos
1578 1121 1781 1200 presbiteros

224 1227 388 1290 Plocensis
411 1227 583 1290 dioceseos
607 1226 801 1288 Michaelem
826 1226 977 1288 lobannis
1001 1228 1042 1290 de
1067 1227 1252 1309 Cyrnyewo
1276 1238 1310 1290 et
1335 1227 1551 1290 Laurencium
1569 1228 1722 1290 Iohannis
1739 1231 1779 1292 de

223 1332 448 1414 Wischegrad,
481 1336 569 1414 quod
592 1335 653 1414 ipsi
679 1333 919 1396 incontinenter
949 1344 983 1396 et
1007 1334 1163 1397 dissolute
1186 1355 1294 1397 mores
1318 1337 1539 1398 sacerdotales
1564 1345 1725 1418 peragunt
1748 1339 1779 1398 in

222 1440 408 1502 scandalum
435 1437 698 1502 Christisrdelium
724 1451 758 1502 et
783 1439 959 1520 periculum
984 1461 1113 1502 suarum
1138 1443 1324 1516 animarum,
1349 1441 1453 1504 Rmus
1477 1443 1560 1504 dnus
1584 1443 1716 1506 Electus
1737 1444 1780 1505 ob

223 1546 284 1607 hoc
309 1542 422 1632 [ipsos]
448 1547 701 1628 condempnavit
725 1546 767 1608 ad
792 1566 911 1626 penam
936 1549 1074 1609 carceris
1099 1548 1111 1608 Ι
1135 1549 1325 1628 septimane.
1359 1546 1441 1611 Cum
1467 1549 1586 1629 quibus
1608 1551 1780 1630 benignius

222 1654 351 1735 agendo
376 1655 541 1716 mandavit
573 1654 695 1715 eisdem
720 1665 855 1734 propter
879 1655 1145 1716 emendacionem
1180 1675 1237 1716 sue
1261 1655 1335 1728 vite,
1368 1666 1402 1717 ut
1429 1675 1449 1716 a
1472 1666 1622 1736 tempore
1647 1679 1669 1718 s.
1695 1658 1780 1719 Petri

221 1780 314 1840 prox.
340 1772 476 1823 venturo
501 1759 572 1822 loca
596 1781 655 1822 sue
678 1758 891 1821 habitacionis
914 1781 1013 1822 causa
1037 1761 1199 1822 serviendi
1224 1771 1420 1842 permutent,
1446 1781 1551 1841 neque
1574 1763 1606 1822 in
1626 1761 1705 1825 locis
1721 1766 1780 1825 eis·

221 1867 304 1942 dem,
327 1869 359 1928 in
384 1868 500 1947 quibus
524 1878 600 1930 ante
624 1869 694 1954 sive
718 1868 864 1928 minister
887 1868 958 1956 sive¹
980 1868 1116 1930 vicarius
1141 1868 1313 1936 serviebat,
1345 1877 1433 1929 stare
1466 1879 1498 1929 et
1531 1869 1652 1930 servire
1683 1871 1778 1932 debe-

221 1975 311 2052 bunt,
336 1993 374 2036 ac
397 1976 498 2062 eciam
523 1975 599 2038 dicti
624 1975 794 2055 presbiteri
818 1993 853 2035 se
878 1975 1083 2056 presentibus
1099 1954 1285 2068 obligarunt
1301 1975 1361 2036 sub
1379 1971 1573 2057 expulsione
1597 1976 1637 2036 de
1657 1976 1779 2038 diocesi

221 2080 401 2144 Plocensi..
473 2101 475 2108 ·

436 2221 477 2284 Α.
509 2239 600 2304 1473,
625 2223 699 2285 Maii
726 2240 775 2305 27,
800 2227 830 2284 in
858 2223 1025 2287 Poltowsk
1048 2225 1079 2285 in
1103 2226 1188 2285 curia
1214 2225 1403 2304 episcopali.

332 2325 418 2394 104.
452 2329 551 2412 (Acta
574 2333 671 2412 episc.
695 2331 752 2409 lll)
784 2331 960 2394 Decretum
990 2353 1032 2394 ex
1056 2333 1243 2393 sinodo..
1274 2331 1394 2394 Vener.
1426 2333 1480 2395 dni
1513 2353 1592 2415 mgr.
1623 2333 1779 2398 Nicolaus

220 2436 262 2497 de
286 2437 508 2520 Mnyschewo,
532 2437 757 2501 Cracoviensis
781 2450 814 2501 et
840 2439 1002 2500 Plocensis
1025 2441 1211 2519 canonicus,
1234 2457 1316 2519 mgr.
1340 2438 1481 2501 Mathias
1504 2439 1545 2501 de
1569 2437 1778 2522 Sluzewyecz

219 2543 464 2607 archidiaconus
488 2556 522 2607 et
545 2544 691 2607 officialis
723 2544 960 2608 Polthoviensis
991 2557 1025 2607 et
1056 2544 1210 2608 Nicolaus
1234 2547 1408 2607 canonicus
1432 2556 1466 2608 et
1491 2548 1674 2610 vicecustos
1698 2550 1778 2611 eius·

220 2652 293 2712 dem
319 2651 558 2714 Polthoviensis
582 2651 726 2724 ecclesie,
751 2653 873 2714 iudices
906 2671 964 2732 per
988 2652 1140 2714 Rmum..
1173 2653 1270 2714 dnum
1303 2651 1502 2714 Kazimirum
1533 2654 1671 2716 electum
1703 2675 1778 2716 con·

220 2757 380 2820 firmatum
405 2757 542 2822 ecclesie
566 2758 741 2830 Plocensis,
773 2757 1019 2822 illustrissimum
1053 2761 1167 2822 ducem
1200 2759 1356 2836 Mazovie,
1387 2761 1419 2820 in
1452 2759 1569 2822 sinodo
1597 2763 1628 2822 in
1653 2761 1777 2842 prefata

219 2865 391 2945 collegiata
415 2867 550 2928 ecclesia
575 2878 714 2947 protunc
738 2867 902 2929 celebrata
926 2867 967 2929 ad
991 2867 1197 2948 infrascripta
1219 2868 1374 2928 nominati
1398 2877 1431 2929 et
1455 2869 1612 2948 deputati,
1638 2870 1776 2946 primum

219 2973 401 3053 arguebant
425 2972 732 3036 honorabilem..›...
764 2974 939 3053 plebanum
965 2975 995 3035 in
1019 2974 1150 3055 Pyssky
1175 2985 1310 3055 propter
1340 2985 1428 3036 certa
1461 2995 1518 3036 sua
1542 2976 1683 3046 crimina,
1715 2995 1777 3056 pro

219 3080 336 3160 quibus
360 3081 391 3141 in
407 3100 569 3158 carcerem
585 3101 629 3142 ex
646 3082 762 3143 sinodo
781 3079 885 3142 luerat
903 3081 1027 3157 missus,
1051 3081 1137 3142 unde
1157 3083 1294 3143 eductus
1306 3131 1310 3140 .
1322 3128 1328 3142 .
1340 3130 1344 3140 .
1456 3080 1570 3158 prefati
1587 3081 1641 3142 dni
1657 3083 1777 3144 iudices

219 3197 252 3247 et
275 3188 388 3268 vigore
421 3186 603 3249 huiusmodi
633 3185 739 3249 littere
771 3189 1008 3249 commissionis
1039 3191 1288 3256 sentenciarunt,
1322 3186 1410 3268 quod
1442 3188 1601 3266 plebanus
1633 3189 1778 3269 prefatus

218 3311 346 3353 exnunc
363 3295 462 3356 vitam
479 3313 570 3354 suam
587 3292 777 3357 reformabit
794 3304 952 3374 actusque
968 3294 1189 3366 sacerdotales
1206 3295 1265 3355 rite
1284 3304 1420 3374 peraget
1436 3303 1470 3356 et
1486 3294 1662 3370 mulierem,
1680 3315 1777 3376 quam

219 3401 260 3461 ad
284 3419 420 3479 presens
445 3399 542 3476 fovet,
573 3419 645 3461 cum
671 3421 736 3482 qua
760 3400 949 3462 cohabitare
974 3411 1123 3480 repertus
1146 3412 1204 3475 est,
1236 3404 1370 3463 omnino
1394 3403 1535 3464 dimittet
1560 3403 1719 3484 bbnisque
1744 3414 1777 3466 et

219 3503 459 3587 exemplaribus
483 3508 637 3587 operibus
661 3509 798 3578 insistat,
823 3527 917 3570 secus
941 3508 968 3569 si
991 3507 1111 3580 fecerit,
1136 3519 1256 3569 extunc
1273 3527 1336 3570 non
1354 3509 1507 3570 obstante
1532 3512 1776 3587 permutacione

219 3625 274 3675 aut
298 3614 522 3695 resignacione
545 3634 604 3676 sua
626 3613 786 3676 beneficio
817 3633 876 3676 suo
908 3613 1084 3697 privandus
1116 3624 1180 3692 est;
1211 3615 1300 3695 quod
1333 3613 1499 3676 decretum
1525 3615 1683 3696 plebanus
1706 3617 1777 3696 ipse

218 3721 401 3800 acceptavit
425 3730 458 3783 et
482 3740 517 3782 se
542 3721 647 3783 eidem
671 3721 819 3782 submisit
843 3731 876 3782 et
900 3720 1090 3802 obligavit..
1104 3721 1136 3801 1).
1161 3769 1163 3772 -

329 3821 416 3892 105.
448 3827 630 3909 (Ibidem)..
664 3826 780 3889 Prefati
812 3827 866 3890 dni
896 3829 1019 3890 iudices
1043 3827 1279 3908 protribunali
1301 3828 1456 3890 sedentes
1479 3829 1593 3890 honor.
1618 3828 1774 3890 Mathiam

219 3933 394 4014 plebanum
417 3935 449 3995 in
474 3933 749 4016 Koprzywnycza
772 3935 923 3996 eductum
948 3945 982 3997 et
1005 3934 1191 3997 absolutum
1214 3957 1233 3994 a
1257 3953 1387 3998 carcere
1405 3937 1435 3996 in
1452 3936 1621 4016 presencia
1646 3955 1774 3996 suarum

220 4039 423 4102 Dnacionum
448 4043 658 4104 constitutum
684 4051 860 4123 arguerunt
883 4041 924 4103 de
949 4041 1094 4104 moribus
1117 4043 1183 4104 suis
1208 4041 1391 4112 maliciosis,
1423 4062 1518 4123 quem
1551 4043 1774 4111 decreverunt.

218 4149 368 4226 quatinus
394 4143 527 4210 infr'all
551 4149 751 4228 septimanas
775 4149 950 4222 mulierem,
982 4167 1056 4209 cum
1083 4168 1147 4230 qua
1171 4149 1346 4218 cohabitat,
1371 4151 1503 4210 omnino
1527 4150 1568 4210 de
1593 4151 1693 4211 domo
1717 4169 1775 4212 sua

219 4252 380 4335 plebanali
412 4253 574 4336 propellat
605 4265 639 4317 et
670 4255 823 4334 dimittat,
853 4271 960 4334 neque
991 4275 1064 4316 cum
1097 4254 1150 4315 illa
1181 4256 1335 4317 decetero
1368 4275 1499 4316 manere
1523 4266 1690 4336 presumat
1715 4257 1775 4319 sub

218 4361 403 4440 privacione
427 4355 475 4423 sui
499 4359 653 4435 beneficii,
679 4362 922 4442 permutacione
946 4371 1002 4423 aut
1018 4363 1242 4442 resignacione
1268 4381 1325 4441 per
1340 4363 1446 4441 ipsum
1472 4361 1626 4424 iaciendis
1642 4363 1775 4423 omnino

218 4467 520 4541 nonobstantibus,
544 4469 643 4530 vitam
668 4469 801 4549 insuper
825 4466 993 4530 meliorare
1017 4468 1160 4530 debebit.

327 4571 414 4640 100.
438 4573 621 4656 (ibidem)..
653 4573 773 4636 Preiati
805 4575 859 4637 dni
890 4575 1045 4637 iudices..
1078 4577 1109 4635 in
1143 4574 1309 4654 presencia
1334 4593 1444 4636 eorum
1470 4574 1582 4635 honor.
1607 4573 1773 4636 Allexium

217 4681 392 4764 plebanum
417 4681 447 4742 in
472 4681 667 4743 Zambrowo
697 4691 859 4744 astantem
892 4682 1075 4761 arguebant
1106 4682 1147 4744 de
1178 4689 1265 4743 statu
1297 4701 1356 4742 suo
1385 4680 1471 4742 malo
1495 4692 1527 4742 et
1552 4681 1774 4756 decreverunt,

216 4791 370 4870 ¹quatinus
393 4787 581 4851 omnimode
606 4787 780 4863 mulierem,
806 4807 878 4849 cum
903 4807 967 4868 qua
991 4788 1180 4850 cohabitare
1204 4791 1354 4849 inventus
1378 4798 1437 4862 est,
1463 4789 1604 4850 dimittat
1625 4799 1658 4850 et
1674 4787 1773 4851 vitam

217 4913 308 4958 suam
332 4893 482 4958 melioret
506 4895 566 4956 sub
591 4896 776 4974 privacione
808 4895 857 4956 sui
889 4893 1038 4958 beneficii
1069 4895 1166 4976 idque
1190 4895 1357 4958 decretum
1383 4895 1541 4976 plebanus
1566 4895 1635 4974 ipse
1659 4915 1774 4976 accep-

217 5002 298 5064 tavit
322 5010 356 5063 et
380 5021 415 5063 se
443 5001 601 5062 submisit.

328 5103 618 5189 107.(1bidem)..
651 5105 792 5170 Mathias
824 5107 983 5188 plebanus
1014 5111 1046 5170 in
1078 5106 1236 5188 Syedlecz
1268 5109 1435 5171 absolutus
1463 5129 1482 5168 a
1509 5109 1691 5170 carceribus
1716 5129 1774 5188 per

219 5213 362 5292 prelatos
393 5213 514 5275 iudices
537 5215 715 5293 deputatos
739 5217 958 5276 sentenciatus
990 5226 1050 5282 est.
1082 5215 1170 5294 quod
1202 5215 1357 5277 decetero
1385 5215 1483 5276 vitam
1508 5235 1600 5275 suam
1624 5215 1773 5276 melioret

217 5340 324 5401 neque
348 5321 553 5400 peramplius*
569 5315 693 5382 fovebit
716 5319 891 5396 mulierem,
924 5341 997 5382 cum
1030 5340 1093 5401 qua
1124 5320 1299 5390 cohabitat,
1331 5331 1365 5383 et
1397 5323 1423 5382 si
1447 5331 1594 5401 repertus
1622 5321 1717 5383 luerit
1741 5321 1773 5382 in

217 5446 318 5507 opere
342 5425 469 5500 eodem,
492 5425 669 5508 privandus
692 5429 752 5490 erit
776 5427 936 5489 beneficio
960 5447 1029 5498 suu,
1061 5429 1149 5508 quod
1173 5427 1341 5490 decretum
1368 5427 1454 5490 idem
1480 5428 1637 5509 plebanus
1660 5449 1773 5507 accep·

216 5535 296 5597 tavit
321 5545 354 5596 et
378 5555 414 5596 se
439 5533 619 5596 submisit..

325 5727 346 5793 ¹)
364 5727 428 5777 Lulri
447 5744 469 5775 w
489 5727 583 5776 tekscie
602 5727 733 5792 pocbodza
751 5728 816 5790 atad,
837 5727 863 5775 be
883 5726 985 5792 reiropis
1003 5727 1050 5791 jest
1072 5745 1092 5774 w
1112 5727 1228 5791 zuacanej
1248 5727 1326 5790 cresci
1346 5727 1447 5792 wytlaly
1466 5728 1474 5776 i
1493 5727 1656 5792 niecaytelny.
