<?xml version="1.0" encoding="UTF-8"?>
<!DOCTYPE html PUBLIC "-//W3C//DTD XHTML 1.0 Transitional//EN"
    "http://www.w3.org/TR/xhtml1/DTD/xhtml1-transitional.dtd">
<html xmlns="http://www.w3.org/1999/xhtml" xml:lang="en" lang="en">
 <head>
  <title>
</title>
<meta http-equiv="Content-Type" content="text/html;charset=utf-8" />
  <meta name='ocr-system' content='tesseract 3.04.00' />
  <meta name='ocr-capabilities' content='ocr_page ocr_carea ocr_par ocr_line ocrx_word'/>
</head>
<body>
  <div class='ocr_page' id='page_1' title='image "actacapitulorum01czubgoog_0144.png"; bbox 0 0 4458 6674; ppageno 0'>
   <div class='ocr_carea' id='block_1_1' title="bbox 413 671 1475 756">
    <p class='ocr_par' dir='ltr' id='par_1_1' title="bbox 413 671 1475 756">
     <span class='ocr_line' id='line_1_1' title="bbox 413 671 1475 756; baseline -0.017 -16"><span class='ocrx_word' id='word_1_1' title='bbox 413 687 475 756; x_wconf 84' lang='lat'>130</span> <span class='ocrx_word' id='word_1_2' title='bbox 878 675 971 724; x_wconf 80' lang='lat' dir='ltr'>ACTA</span> <span class='ocrx_word' id='word_1_3' title='bbox 989 671 1112 725; x_wconf 88' lang='lat' dir='ltr'><strong>IUDICII</strong></span> <span class='ocrx_word' id='word_1_4' title='bbox 1131 674 1269 726; x_wconf 70' lang='lat' dir='ltr'>uectus.</span> <span class='ocrx_word' id='word_1_5' title='bbox 1287 673 1475 722; x_wconf 79' lang='lat' dir='ltr'>PLOCENSlS</span> 
     </span>
    </p>
   </div>
   <div class='ocr_carea' id='block_1_2' title="bbox 411 763 1887 776">
    <p class='ocr_par' dir='ltr' id='par_1_2' title="bbox 411 763 1887 776">
     <span class='ocr_line' id='line_1_2' title="bbox 411 763 1887 776; baseline -0.005 1"><span class='ocrx_word' id='word_1_6' title='bbox 411 771 555 776; x_wconf 55' lang='lat'>-.-..——.-⁴</span> <span class='ocrx_word' id='word_1_7' title='bbox 592 771 598 776; x_wconf 86' lang='lat'><strong><em>.</em></strong></span> <span class='ocrx_word' id='word_1_8' title='bbox 611 771 619 775; x_wconf 91' lang='lat'><em>.</em></span> <span class='ocrx_word' id='word_1_9' title='bbox 630 770 807 775; x_wconf 90' lang='lat'><strong>—--.</strong></span> <span class='ocrx_word' id='word_1_10' title='bbox 1280 768 1358 772; x_wconf 83' lang='lat'>.--</span> <span class='ocrx_word' id='word_1_11' title='bbox 1367 767 1373 771; x_wconf 87' lang='lat'>.</span> <span class='ocrx_word' id='word_1_12' title='bbox 1411 767 1432 772; x_wconf 88' lang='lat'>..</span> <span class='ocrx_word' id='word_1_13' title='bbox 1444 765 1633 772; x_wconf 73' lang='lat'>.—.—...-——....</span> <span class='ocrx_word' id='word_1_14' title='bbox 1643 763 1702 771; x_wconf 70' lang='lat'><em>.-.-.-</em></span> <span class='ocrx_word' id='word_1_15' title='bbox 1712 765 1717 770; x_wconf 91' lang='lat'>.</span> <span class='ocrx_word' id='word_1_16' title='bbox 1731 763 1791 769; x_wconf 77' lang='lat'>.--.·.-.</span> <span class='ocrx_word' id='word_1_17' title='bbox 1807 763 1847 768; x_wconf 82' lang='grc'>---.</span> <span class='ocrx_word' id='word_1_18' title='bbox 1877 765 1887 768; x_wconf 95' lang='grc'>-</span> 
     </span>
    </p>
   </div>
   <div class='ocr_carea' id='block_1_3' title="bbox 408 882 1962 1824">
    <p class='ocr_par' dir='ltr' id='par_1_3' title="bbox 408 882 1962 1824">
     <span class='ocr_line' id='line_1_3' title="bbox 410 882 1960 965; baseline -0.005 -15"><span class='ocrx_word' id='word_1_19' title='bbox 410 887 506 951; x_wconf 86' lang='lat' dir='ltr'>fuisse</span> <span class='ocrx_word' id='word_1_20' title='bbox 530 907 640 949; x_wconf 85' lang='lat' dir='ltr'>veram</span> <span class='ocrx_word' id='word_1_21' title='bbox 662 895 694 947; x_wconf 91' lang='lat' dir='ltr'>et</span> <span class='ocrx_word' id='word_1_22' title='bbox 711 883 870 965; x_wconf 83' lang='lat' dir='ltr'>allegavit,</span> <span class='ocrx_word' id='word_1_23' title='bbox 895 884 981 964; x_wconf 91' lang='lat' dir='ltr'>quod</span> <span class='ocrx_word' id='word_1_24' title='bbox 1008 882 1147 946; x_wconf 77' lang='lat' dir='ltr'>mathias</span> <span class='ocrx_word' id='word_1_25' title='bbox 1170 893 1264 964; x_wconf 88' lang='lat' dir='ltr'>pater</span> <span class='ocrx_word' id='word_1_26' title='bbox 1288 903 1364 946; x_wconf 90' lang='lat' dir='ltr'>suus</span> <span class='ocrx_word' id='word_1_27' title='bbox 1388 893 1522 946; x_wconf 89' lang='lat' dir='ltr'>venerat</span> <span class='ocrx_word' id='word_1_28' title='bbox 1547 903 1606 962; x_wconf 90' lang='lat' dir='ltr'>pro</span> <span class='ocrx_word' id='word_1_29' title='bbox 1631 883 1778 952; x_wconf 87' lang='lat' dir='ltr'>termino,</span> <span class='ocrx_word' id='word_1_30' title='bbox 1803 883 1960 944; x_wconf 86' lang='lat' dir='ltr'>iusticiam</span> 
     </span>
     <span class='ocr_line' id='line_1_4' title="bbox 408 990 1962 1074; baseline -0.004 -18"><span class='ocrx_word' id='word_1_31' title='bbox 408 1007 517 1057; x_wconf 89' lang='lat' dir='ltr'>tamen</span> <span class='ocrx_word' id='word_1_32' title='bbox 542 993 695 1074; x_wconf 84' lang='lat' dir='ltr'>consequi</span> <span class='ocrx_word' id='word_1_33' title='bbox 722 994 851 1053; x_wconf 90' lang='lat' dir='ltr'>minime</span> <span class='ocrx_word' id='word_1_34' title='bbox 875 993 990 1072; x_wconf 87' lang='lat' dir='ltr'>potuit,</span> <span class='ocrx_word' id='word_1_35' title='bbox 1019 993 1094 1072; x_wconf 85' lang='lat' dir='ltr'>quia</span> <span class='ocrx_word' id='word_1_36' title='bbox 1118 991 1187 1071; x_wconf 88' lang='lat' dir='ltr'>ipse</span> <span class='ocrx_word' id='word_1_37' title='bbox 1211 990 1349 1052; x_wconf 87' lang='lat' dir='ltr'>Michael</span> <span class='ocrx_word' id='word_1_38' title='bbox 1374 991 1595 1052; x_wconf 85' lang='lat' dir='ltr'>subordinavit</span> <span class='ocrx_word' id='word_1_39' title='bbox 1619 1001 1731 1051; x_wconf 87' lang='lat' dir='ltr'>contra</span> <span class='ocrx_word' id='word_1_40' title='bbox 1756 1009 1829 1050; x_wconf 92' lang='lat' dir='ltr'>eum</span> <span class='ocrx_word' id='word_1_41' title='bbox 1854 1001 1962 1051; x_wconf 88' lang='lat' dir='ltr'>certos</span> 
     </span>
     <span class='ocr_line' id='line_1_5' title="bbox 408 1097 1961 1180; baseline -0.005 -16"><span class='ocrx_word' id='word_1_42' title='bbox 408 1123 484 1164; x_wconf 88' lang='lat' dir='ltr'>suos</span> <span class='ocrx_word' id='word_1_43' title='bbox 508 1103 638 1174; x_wconf 73' lang='lat' dir='ltr'>amicos</span> <span class='ocrx_word' id='word_1_44' title='bbox 670 1101 725 1180; x_wconf 94' lang='lat' dir='ltr'>qui</span> <span class='ocrx_word' id='word_1_45' title='bbox 749 1099 887 1162; x_wconf 89' lang='lat' dir='ltr'>eundem</span> <span class='ocrx_word' id='word_1_46' title='bbox 913 1098 1067 1160; x_wconf 88' lang='lat' dir='ltr'>Mathiam</span> <span class='ocrx_word' id='word_1_47' title='bbox 1093 1098 1283 1161; x_wconf 87' lang='lat' dir='ltr'>invadentes</span> <span class='ocrx_word' id='word_1_48' title='bbox 1315 1099 1566 1160; x_wconf 88' lang='lat' dir='ltr'>verberaverunt</span> <span class='ocrx_word' id='word_1_49' title='bbox 1594 1098 1795 1178; x_wconf 89' lang='lat' dir='ltr'>capucioque</span> <span class='ocrx_word' id='word_1_50' title='bbox 1819 1108 1852 1158; x_wconf 92' lang='lat' dir='ltr'>et</span> <span class='ocrx_word' id='word_1_51' title='bbox 1876 1097 1961 1177; x_wconf 88' lang='lat' dir='ltr'>pileo</span> 
     </span>
     <span class='ocr_line' id='line_1_6' title="bbox 408 1203 1961 1290; baseline -0.005 -19"><span class='ocrx_word' id='word_1_52' title='bbox 408 1211 631 1290; x_wconf 91' lang='lat' dir='ltr'>spoliaverunt</span> <span class='ocrx_word' id='word_1_53' title='bbox 661 1226 788 1270; x_wconf 90' lang='lat' dir='ltr'>necnon</span> <span class='ocrx_word' id='word_1_54' title='bbox 813 1226 899 1285; x_wconf 91' lang='lat' dir='ltr'>equo</span> <span class='ocrx_word' id='word_1_55' title='bbox 925 1205 1058 1267; x_wconf 89' lang='lat' dir='ltr'>caudam</span> <span class='ocrx_word' id='word_1_56' title='bbox 1085 1206 1299 1272; x_wconf 87' lang='lat' dir='ltr'>absciderunt.</span> <span class='ocrx_word' id='word_1_57' title='bbox 1329 1215 1362 1266; x_wconf 91' lang='lat' dir='ltr'>et</span> <span class='ocrx_word' id='word_1_58' title='bbox 1386 1226 1401 1264; x_wconf 87' lang='lat' dir='ltr'>a</span> <span class='ocrx_word' id='word_1_59' title='bbox 1428 1205 1544 1266; x_wconf 92' lang='lat' dir='ltr'>iudicio</span> <span class='ocrx_word' id='word_1_60' title='bbox 1570 1203 1765 1283; x_wconf 85' lang='lat' dir='ltr'>repulerunt,</span> <span class='ocrx_word' id='word_1_61' title='bbox 1790 1215 1823 1266; x_wconf 91' lang='lat' dir='ltr'>et</span> <span class='ocrx_word' id='word_1_62' title='bbox 1847 1215 1961 1285; x_wconf 87' lang='lat' dir='ltr'>postea</span> 
     </span>
     <span class='ocr_line' id='line_1_7' title="bbox 409 1311 1961 1396; baseline -0.006 -17"><span class='ocrx_word' id='word_1_63' title='bbox 409 1337 448 1379; x_wconf 93' lang='lat' dir='ltr'>eo</span> <span class='ocrx_word' id='word_1_64' title='bbox 474 1314 605 1396; x_wconf 90' lang='lat' dir='ltr'>repulso</span> <span class='ocrx_word' id='word_1_65' title='bbox 629 1325 741 1376; x_wconf 90' lang='lat' dir='ltr'>contra</span> <span class='ocrx_word' id='word_1_66' title='bbox 774 1334 847 1375; x_wconf 92' lang='lat' dir='ltr'>eum</span> <span class='ocrx_word' id='word_1_67' title='bbox 880 1321 1033 1392; x_wconf 87' lang='lat' dir='ltr'>tanquam</span> <span class='ocrx_word' id='word_1_68' title='bbox 1067 1323 1291 1374; x_wconf 82' lang='lat' dir='ltr'>contumacem</span> <span class='ocrx_word' id='word_1_69' title='bbox 1325 1322 1568 1392; x_wconf 89' lang='lat' dir='ltr'>processerunt;</span> <span class='ocrx_word' id='word_1_70' title='bbox 1601 1331 1696 1391; x_wconf 84' lang='lat' dir='ltr'>quam</span> <span class='ocrx_word' id='word_1_71' title='bbox 1729 1311 1961 1390; x_wconf 85' lang='lat' dir='ltr'>allegacionem</span> 
     </span>
     <span class='ocr_line' id='line_1_8' title="bbox 409 1416 1962 1502; baseline -0.005 -18"><span class='ocrx_word' id='word_1_72' title='bbox 409 1423 553 1484; x_wconf 91' lang='lat' dir='ltr'>similiter</span> <span class='ocrx_word' id='word_1_73' title='bbox 577 1421 716 1484; x_wconf 87' lang='lat' dir='ltr'>Michael</span> <span class='ocrx_word' id='word_1_74' title='bbox 741 1422 904 1502; x_wconf 89' lang='lat' dir='ltr'>negavit..</span> <span class='ocrx_word' id='word_1_75' title='bbox 928 1420 1143 1499; x_wconf 68' lang='lat' dir='ltr'>adiungenda</span> <span class='ocrx_word' id='word_1_76' title='bbox 1169 1421 1256 1500; x_wconf 94' lang='lat' dir='ltr'>quod</span> <span class='ocrx_word' id='word_1_77' title='bbox 1281 1421 1439 1500; x_wconf 88' lang='lat' dir='ltr'>premissa</span> <span class='ocrx_word' id='word_1_78' title='bbox 1463 1417 1525 1480; x_wconf 91' lang='lat' dir='ltr'>alio</span> <span class='ocrx_word' id='word_1_79' title='bbox 1543 1429 1692 1498; x_wconf 91' lang='lat' dir='ltr'>tempore</span> <span class='ocrx_word' id='word_1_80' title='bbox 1717 1417 1802 1480; x_wconf 85' lang='lat' dir='ltr'>iacta</span> <span class='ocrx_word' id='word_1_81' title='bbox 1826 1416 1962 1490; x_wconf 84' lang='lat' dir='ltr'>luerunt,</span> 
     </span>
     <span class='ocr_line' id='line_1_9' title="bbox 408 1525 1962 1608; baseline -0.006 -16"><span class='ocrx_word' id='word_1_82' title='bbox 408 1528 557 1592; x_wconf 88' lang='lat' dir='ltr'>videlicet</span> <span class='ocrx_word' id='word_1_83' title='bbox 581 1529 654 1588; x_wconf 89' lang='lat' dir='ltr'>dum</span> <span class='ocrx_word' id='word_1_84' title='bbox 680 1529 844 1590; x_wconf 91' lang='lat' dir='ltr'>dominum</span> <span class='ocrx_word' id='word_1_85' title='bbox 870 1528 970 1608; x_wconf 91' lang='lat' dir='ltr'>ipsius</span> <span class='ocrx_word' id='word_1_86' title='bbox 996 1547 1055 1606; x_wconf 88' lang='lat' dir='ltr'>pro</span> <span class='ocrx_word' id='word_1_87' title='bbox 1080 1527 1146 1588; x_wconf 89' lang='lat' dir='ltr'>iure</span> <span class='ocrx_word' id='word_1_88' title='bbox 1168 1547 1224 1588; x_wconf 91' lang='lat' dir='ltr'>seu</span> <span class='ocrx_word' id='word_1_89' title='bbox 1243 1527 1366 1588; x_wconf 85' lang='lat' dir='ltr'>iusticia</span> <span class='ocrx_word' id='word_1_90' title='bbox 1393 1526 1536 1588; x_wconf 83' lang='lat' dir='ltr'>facienda</span> <span class='ocrx_word' id='word_1_91' title='bbox 1563 1525 1737 1606; x_wconf 89' lang='lat' dir='ltr'>requisivit.</span> <span class='ocrx_word' id='word_1_92' title='bbox 1763 1535 1795 1586; x_wconf 92' lang='lat' dir='ltr'>et</span> <span class='ocrx_word' id='word_1_93' title='bbox 1811 1544 1877 1584; x_wconf 92' lang='lat' dir='ltr'>non</span> <span class='ocrx_word' id='word_1_94' title='bbox 1895 1544 1962 1604; x_wconf 91' lang='lat' dir='ltr'>pro-</span> 
     </span>
     <span class='ocr_line' id='line_1_10' title="bbox 409 1631 1962 1716; baseline -0.006 -18"><span class='ocrx_word' id='word_1_95' title='bbox 409 1647 493 1710; x_wconf 91' lang='lat' dir='ltr'>tunc,</span> <span class='ocrx_word' id='word_1_96' title='bbox 519 1636 650 1716; x_wconf 89' lang='lat' dir='ltr'>quando</span> <span class='ocrx_word' id='word_1_97' title='bbox 667 1636 715 1697; x_wconf 91' lang='lat' dir='ltr'>ius</span> <span class='ocrx_word' id='word_1_98' title='bbox 732 1633 872 1696; x_wconf 91' lang='lat' dir='ltr'>locatum</span> <span class='ocrx_word' id='word_1_99' title='bbox 890 1644 952 1708; x_wconf 89' lang='lat' dir='ltr'>est;</span> <span class='ocrx_word' id='word_1_100' title='bbox 977 1643 1011 1696; x_wconf 92' lang='lat' dir='ltr'>et</span> <span class='ocrx_word' id='word_1_101' title='bbox 1028 1634 1147 1694; x_wconf 84' lang='lat' dir='ltr'>ibidem</span> <span class='ocrx_word' id='word_1_102' title='bbox 1165 1643 1274 1715; x_wconf 90' lang='lat' dir='ltr'>partes</span> <span class='ocrx_word' id='word_1_103' title='bbox 1292 1631 1441 1694; x_wconf 90' lang='lat' dir='ltr'>hincinde</span> <span class='ocrx_word' id='word_1_104' title='bbox 1460 1634 1643 1714; x_wconf 85' lang='lat' dir='ltr'>petiverunt</span> <span class='ocrx_word' id='word_1_105' title='bbox 1669 1634 1868 1694; x_wconf 88' lang='lat' dir='ltr'>intenciones</span> <span class='ocrx_word' id='word_1_106' title='bbox 1889 1652 1962 1690; x_wconf 88' lang='lat' dir='ltr'>suas</span> 
     </span>
     <span class='ocr_line' id='line_1_11' title="bbox 408 1741 1258 1824; baseline -0.005 -20"><span class='ocrx_word' id='word_1_107' title='bbox 408 1741 448 1804; x_wconf 89' lang='lat' dir='ltr'>ad</span> <span class='ocrx_word' id='word_1_108' title='bbox 473 1743 676 1824; x_wconf 83' lang='lat' dir='ltr'>probandum</span> <span class='ocrx_word' id='word_1_109' title='bbox 702 1742 841 1816; x_wconf 91' lang='lat' dir='ltr'>admitti;</span> <span class='ocrx_word' id='word_1_110' title='bbox 865 1753 897 1802; x_wconf 91' lang='lat' dir='ltr'>et</span> <span class='ocrx_word' id='word_1_111' title='bbox 922 1741 1072 1802; x_wconf 89' lang='lat' dir='ltr'>dominus</span> <span class='ocrx_word' id='word_1_112' title='bbox 1096 1741 1258 1802; x_wconf 85' lang='lat' dir='ltr'>admisit..</span> 
     </span>
    </p>
   </div>
   <div class='ocr_carea' id='block_1_4' title="bbox 621 1930 1444 2014">
    <p class='ocr_par' dir='ltr' id='par_1_4' title="bbox 621 1930 1444 2014">
     <span class='ocr_line' id='line_1_12' title="bbox 621 1930 1444 2014; baseline -0.005 -18"><span class='ocrx_word' id='word_1_113' title='bbox 621 1933 663 1996; x_wconf 92' lang='lat' dir='ltr'>A.</span> <span class='ocrx_word' id='word_1_114' title='bbox 692 1947 785 2014; x_wconf 85' lang='lat'>1509,</span> <span class='ocrx_word' id='word_1_115' title='bbox 809 1933 917 1994; x_wconf 86' lang='lat' dir='ltr'>Martii</span> <span class='ocrx_word' id='word_1_116' title='bbox 947 1949 992 2010; x_wconf 88' lang='lat'>19.</span> <span class='ocrx_word' id='word_1_117' title='bbox 1017 1933 1048 1994; x_wconf 94' lang='lat' dir='ltr'>in</span> <span class='ocrx_word' id='word_1_118' title='bbox 1072 1933 1265 1994; x_wconf 89' lang='lat' dir='ltr'>consistorio</span> <span class='ocrx_word' id='word_1_119' title='bbox 1290 1930 1444 1992; x_wconf 88' lang='lat' dir='ltr'>Plocensi.</span> 
     </span>
    </p>
   </div>
   <div class='ocr_carea' id='block_1_5' title="bbox 407 2053 1964 3311">
    <p class='ocr_par' dir='ltr' id='par_1_5' title="bbox 407 2053 1964 3311">
     <span class='ocr_line' id='line_1_13' title="bbox 515 2053 1962 2138; baseline -0.003 -17"><span class='ocrx_word' id='word_1_120' title='bbox 515 2053 605 2122; x_wconf 79' lang='lat'>283.</span> <span class='ocrx_word' id='word_1_121' title='bbox 629 2058 728 2138; x_wconf 85' lang='lat' dir='ltr'>(Acta</span> <span class='ocrx_word' id='word_1_122' title='bbox 753 2056 835 2119; x_wconf 84' lang='lat' dir='ltr'>offic.</span> <span class='ocrx_word' id='word_1_123' title='bbox 854 2056 927 2136; x_wconf 84' lang='lat' dir='ltr'>lla).</span> <span class='ocrx_word' id='word_1_124' title='bbox 952 2055 1076 2116; x_wconf 90' lang='lat' dir='ltr'>Honor.</span> <span class='ocrx_word' id='word_1_125' title='bbox 1101 2055 1305 2136; x_wconf 84' lang='lat' dir='ltr'>Augustinus</span> <span class='ocrx_word' id='word_1_126' title='bbox 1328 2056 1370 2118; x_wconf 93' lang='lat' dir='ltr'>de</span> <span class='ocrx_word' id='word_1_127' title='bbox 1386 2053 1617 2136; x_wconf 88' lang='lat' dir='ltr'>Wyschegrod</span> <span class='ocrx_word' id='word_1_128' title='bbox 1642 2066 1832 2136; x_wconf 85' lang='lat' dir='ltr'>procurator</span> <span class='ocrx_word' id='word_1_129' title='bbox 1856 2055 1962 2116; x_wconf 89' lang='lat' dir='ltr'>Rmi..</span> 
     </span>
     <span class='ocr_line' id='line_1_14' title="bbox 408 2159 1963 2247; baseline -0.003 -21"><span class='ocrx_word' id='word_1_130' title='bbox 408 2165 462 2226; x_wconf 92' lang='lat' dir='ltr'>dni</span> <span class='ocrx_word' id='word_1_131' title='bbox 487 2163 612 2226; x_wconf 73' lang='lat' dir='ltr'>lirasmi</span> <span class='ocrx_word' id='word_1_132' title='bbox 630 2164 668 2226; x_wconf 92' lang='lat' dir='ltr'>D.</span> <span class='ocrx_word' id='word_1_133' title='bbox 685 2187 714 2247; x_wconf 90' lang='lat' dir='ltr'>g.</span> <span class='ocrx_word' id='word_1_134' title='bbox 732 2165 877 2244; x_wconf 86' lang='lat' dir='ltr'>episcopi</span> <span class='ocrx_word' id='word_1_135' title='bbox 903 2164 1099 2226; x_wconf 89' lang='lat' dir='ltr'>Plocensis..</span> <span class='ocrx_word' id='word_1_136' title='bbox 1125 2173 1238 2224; x_wconf 91' lang='lat' dir='ltr'>contra</span> <span class='ocrx_word' id='word_1_137' title='bbox 1263 2163 1403 2224; x_wconf 92' lang='lat' dir='ltr'>nobilem</span> <span class='ocrx_word' id='word_1_138' title='bbox 1429 2159 1622 2243; x_wconf 89' lang='lat' dir='ltr'>Gregorium</span> <span class='ocrx_word' id='word_1_139' title='bbox 1640 2164 1680 2224; x_wconf 92' lang='lat' dir='ltr'>de</span> <span class='ocrx_word' id='word_1_140' title='bbox 1698 2161 1867 2242; x_wconf 88' lang='lat' dir='ltr'>Czyesle..</span> <span class='ocrx_word' id='word_1_141' title='bbox 1893 2183 1963 2242; x_wconf 91' lang='lat' dir='ltr'>pro-</span> 
     </span>
     <span class='ocr_line' id='line_1_15' title="bbox 409 2267 1962 2352; baseline -0.003 -20"><span class='ocrx_word' id='word_1_142' title='bbox 409 2273 519 2352; x_wconf 88' lang='lat' dir='ltr'>posuit</span> <span class='ocrx_word' id='word_1_143' title='bbox 543 2271 653 2343; x_wconf 88' lang='lat' dir='ltr'>verbo,</span> <span class='ocrx_word' id='word_1_144' title='bbox 686 2273 760 2350; x_wconf 91' lang='lat' dir='ltr'>quia</span> <span class='ocrx_word' id='word_1_145' title='bbox 785 2271 854 2350; x_wconf 88' lang='lat' dir='ltr'>ipse</span> <span class='ocrx_word' id='word_1_146' title='bbox 878 2290 963 2330; x_wconf 89' lang='lat' dir='ltr'>anno</span> <span class='ocrx_word' id='word_1_147' title='bbox 988 2271 1165 2350; x_wconf 85' lang='lat' dir='ltr'>presenti..</span> <span class='ocrx_word' id='word_1_148' title='bbox 1198 2271 1333 2331; x_wconf 88' lang='lat' dir='ltr'>veniens</span> <span class='ocrx_word' id='word_1_149' title='bbox 1357 2271 1388 2330; x_wconf 91' lang='lat' dir='ltr'>in</span> <span class='ocrx_word' id='word_1_150' title='bbox 1414 2270 1500 2331; x_wconf 89' lang='lat' dir='ltr'>bona</span> <span class='ocrx_word' id='word_1_151' title='bbox 1525 2268 1661 2332; x_wconf 89' lang='lat' dir='ltr'>ecclesie</span> <span class='ocrx_word' id='word_1_152' title='bbox 1685 2269 1758 2332; x_wconf 91' lang='lat' dir='ltr'>ville</span> <span class='ocrx_word' id='word_1_153' title='bbox 1783 2267 1962 2348; x_wconf 85' lang='lat' dir='ltr'>Makolyno</span> 
     </span>
     <span class='ocr_line' id='line_1_16' title="bbox 408 2375 1962 2456; baseline -0.003 -18"><span class='ocrx_word' id='word_1_154' title='bbox 408 2381 488 2440; x_wconf 92' lang='lat' dir='ltr'>etin</span> <span class='ocrx_word' id='word_1_155' title='bbox 506 2380 624 2440; x_wconf 89' lang='lat' dir='ltr'>curiam</span> <span class='ocrx_word' id='word_1_156' title='bbox 651 2377 793 2439; x_wconf 89' lang='lat' dir='ltr'>eiusdem</span> <span class='ocrx_word' id='word_1_157' title='bbox 818 2377 893 2438; x_wconf 92' lang='lat' dir='ltr'>Rmi</span> <span class='ocrx_word' id='word_1_158' title='bbox 910 2376 964 2436; x_wconf 90' lang='lat' dir='ltr'>dni</span> <span class='ocrx_word' id='word_1_159' title='bbox 981 2375 1138 2456; x_wconf 86' lang='lat' dir='ltr'>Episcopi</span> <span class='ocrx_word' id='word_1_160' title='bbox 1162 2377 1251 2437; x_wconf 88' lang='lat' dir='ltr'>irruit</span> <span class='ocrx_word' id='word_1_161' title='bbox 1275 2387 1388 2437; x_wconf 86' lang='lat' dir='ltr'>contra</span> <span class='ocrx_word' id='word_1_162' title='bbox 1412 2375 1568 2436; x_wconf 87' lang='lat' dir='ltr'>factorem</span> <span class='ocrx_word' id='word_1_163' title='bbox 1590 2377 1675 2436; x_wconf 87' lang='lat' dir='ltr'>curie</span> <span class='ocrx_word' id='word_1_164' title='bbox 1691 2377 1792 2456; x_wconf 90' lang='lat' dir='ltr'>ipsius</span> <span class='ocrx_word' id='word_1_165' title='bbox 1817 2377 1891 2437; x_wconf 90' lang='lat' dir='ltr'>Rmi</span> <span class='ocrx_word' id='word_1_166' title='bbox 1908 2375 1962 2437; x_wconf 92' lang='lat' dir='ltr'>dni</span> 
     </span>
     <span class='ocr_line' id='line_1_17' title="bbox 408 2483 1962 2564; baseline -0.001 -18"><span class='ocrx_word' id='word_1_167' title='bbox 408 2484 563 2564; x_wconf 89' lang='lat' dir='ltr'>Episcopi</span> <span class='ocrx_word' id='word_1_168' title='bbox 587 2484 695 2546; x_wconf 84' lang='lat' dir='ltr'>verbis</span> <span class='ocrx_word' id='word_1_169' title='bbox 718 2483 897 2544; x_wconf 88' lang='lat' dir='ltr'>inhonestis</span> <span class='ocrx_word' id='word_1_170' title='bbox 921 2493 953 2546; x_wconf 90' lang='lat' dir='ltr'>et</span> <span class='ocrx_word' id='word_1_171' title='bbox 978 2485 1146 2551; x_wconf 86' lang='lat' dir='ltr'>iniuriosis,</span> <span class='ocrx_word' id='word_1_172' title='bbox 1179 2503 1328 2544; x_wconf 87' lang='lat' dir='ltr'>asserens</span> <span class='ocrx_word' id='word_1_173' title='bbox 1351 2503 1424 2544; x_wconf 92' lang='lat' dir='ltr'>eum</span> <span class='ocrx_word' id='word_1_174' title='bbox 1450 2483 1545 2544; x_wconf 86' lang='lat' dir='ltr'>luisse</span> <span class='ocrx_word' id='word_1_175' title='bbox 1570 2483 1688 2544; x_wconf 90' lang='lat' dir='ltr'>malum</span> <span class='ocrx_word' id='word_1_176' title='bbox 1713 2483 1877 2544; x_wconf 87' lang='lat' dir='ltr'>hominem</span> <span class='ocrx_word' id='word_1_177' title='bbox 1901 2493 1962 2546; x_wconf 92' lang='lat' dir='ltr'>etc.</span> 
     </span>
     <span class='ocr_line' id='line_1_18' title="bbox 408 2589 1963 2670; baseline -0.001 -18"><span class='ocrx_word' id='word_1_178' title='bbox 408 2589 543 2652; x_wconf 85' lang='lat' dir='ltr'>Talibus</span> <span class='ocrx_word' id='word_1_179' title='bbox 569 2611 633 2650; x_wconf 92' lang='lat' dir='ltr'>non</span> <span class='ocrx_word' id='word_1_180' title='bbox 658 2601 831 2652; x_wconf 92' lang='lat' dir='ltr'>contentus</span> <span class='ocrx_word' id='word_1_181' title='bbox 856 2591 884 2650; x_wconf 92' lang='lat' dir='ltr'>iu</span> <span class='ocrx_word' id='word_1_182' title='bbox 910 2589 1118 2670; x_wconf 87' lang='lat' dir='ltr'>vilipendium</span> <span class='ocrx_word' id='word_1_183' title='bbox 1152 2609 1290 2668; x_wconf 88' lang='lat' dir='ltr'>persone</span> <span class='ocrx_word' id='word_1_184' title='bbox 1315 2599 1347 2652; x_wconf 90' lang='lat' dir='ltr'>et</span> <span class='ocrx_word' id='word_1_185' title='bbox 1372 2589 1538 2670; x_wconf 85' lang='lat' dir='ltr'>dignitatis</span> <span class='ocrx_word' id='word_1_186' title='bbox 1570 2591 1765 2670; x_wconf 90' lang='lat' dir='ltr'>episcopalis</span> <span class='ocrx_word' id='word_1_187' title='bbox 1797 2590 1878 2651; x_wconf 86' lang='lat' dir='ltr'>dixit</span> <span class='ocrx_word' id='word_1_188' title='bbox 1902 2591 1963 2652; x_wconf 90' lang='lat' dir='ltr'>hec</span> 
     </span>
     <span class='ocr_line' id='line_1_19' title="bbox 409 2694 1964 2778; baseline 0 -20"><span class='ocrx_word' id='word_1_189' title='bbox 409 2698 507 2760; x_wconf 87' lang='lat' dir='ltr'>verba</span> <span class='ocrx_word' id='word_1_190' title='bbox 524 2698 574 2759; x_wconf 89' lang='lat' dir='ltr'>vel</span> <span class='ocrx_word' id='word_1_191' title='bbox 588 2699 633 2759; x_wconf 91' lang='lat' dir='ltr'>eis</span> <span class='ocrx_word' id='word_1_192' title='bbox 646 2699 677 2758; x_wconf 93' lang='lat' dir='ltr'>in</span> <span class='ocrx_word' id='word_1_193' title='bbox 692 2696 809 2758; x_wconf 82' lang='lat' dir='ltr'>effectu</span> <span class='ocrx_word' id='word_1_194' title='bbox 826 2697 953 2758; x_wconf 89' lang='lat' dir='ltr'>similia:</span> <span class='ocrx_word' id='word_1_195' title='bbox 970 2694 1057 2777; x_wconf 87' lang='lat' dir='ltr'>Quid</span> <span class='ocrx_word' id='word_1_196' title='bbox 1074 2697 1168 2758; x_wconf 93' lang='lat' dir='ltr'>nobis</span> <span class='ocrx_word' id='word_1_197' title='bbox 1185 2709 1235 2758; x_wconf 89' lang='lat' dir='ltr'>est</span> <span class='ocrx_word' id='word_1_198' title='bbox 1252 2697 1433 2776; x_wconf 88' lang='lat' dir='ltr'>episcopus,</span> <span class='ocrx_word' id='word_1_199' title='bbox 1452 2717 1511 2758; x_wconf 91' lang='lat' dir='ltr'>nos</span> <span class='ocrx_word' id='word_1_200' title='bbox 1529 2698 1750 2778; x_wconf 89' lang='lat' dir='ltr'>percuciemus</span> <span class='ocrx_word' id='word_1_201' title='bbox 1768 2696 1964 2758; x_wconf 82' lang='lat' dir='ltr'>kmethones</span> 
     </span>
     <span class='ocr_line' id='line_1_20' title="bbox 408 2802 1962 2885; baseline 0.001 -22"><span class='ocrx_word' id='word_1_202' title='bbox 408 2817 485 2865; x_wconf 83' lang='lat' dir='ltr'>suos</span> <span class='ocrx_word' id='word_1_203' title='bbox 502 2825 541 2865; x_wconf 91' lang='lat' dir='ltr'>eo</span> <span class='ocrx_word' id='word_1_204' title='bbox 560 2813 713 2883; x_wconf 86' lang='lat' dir='ltr'>presente</span> <span class='ocrx_word' id='word_1_205' title='bbox 729 2813 762 2864; x_wconf 92' lang='lat' dir='ltr'>et</span> <span class='ocrx_word' id='word_1_206' title='bbox 779 2803 918 2866; x_wconf 90' lang='lat' dir='ltr'>vidente.</span> <span class='ocrx_word' id='word_1_207' title='bbox 942 2803 1023 2864; x_wconf 91' lang='lat' dir='ltr'>ltem</span> <span class='ocrx_word' id='word_1_208' title='bbox 1041 2814 1155 2864; x_wconf 90' lang='lat' dir='ltr'>contra</span> <span class='ocrx_word' id='word_1_209' title='bbox 1176 2805 1315 2864; x_wconf 90' lang='lat' dir='ltr'>eundem</span> <span class='ocrx_word' id='word_1_210' title='bbox 1341 2802 1535 2883; x_wconf 90' lang='lat' dir='ltr'>Gregorium</span> <span class='ocrx_word' id='word_1_211' title='bbox 1561 2805 1731 2885; x_wconf 90' lang='lat' dir='ltr'>proposuit</span> <span class='ocrx_word' id='word_1_212' title='bbox 1755 2805 1864 2878; x_wconf 87' lang='lat' dir='ltr'>verb0,</span> <span class='ocrx_word' id='word_1_213' title='bbox 1890 2805 1962 2883; x_wconf 89' lang='lat' dir='ltr'>quia</span> 
     </span>
     <span class='ocr_line' id='line_1_21' title="bbox 408 2908 1962 2991; baseline 0.001 -21"><span class='ocrx_word' id='word_1_214' title='bbox 408 2913 414 2970; x_wconf 96' lang='lat' dir='ltr'>i</span> <span class='ocrx_word' id='word_1_215' title='bbox 420 2933 478 2990; x_wconf 89' lang='lat' dir='ltr'>pse</span> <span class='ocrx_word' id='word_1_216' title='bbox 491 2931 576 2972; x_wconf 91' lang='lat' dir='ltr'>anno</span> <span class='ocrx_word' id='word_1_217' title='bbox 590 2909 733 2972; x_wconf 88' lang='lat' dir='ltr'>similiter</span> <span class='ocrx_word' id='word_1_218' title='bbox 750 2911 892 2990; x_wconf 90' lang='lat' dir='ltr'>presenti</span> <span class='ocrx_word' id='word_1_219' title='bbox 905 2910 956 2971; x_wconf 93' lang='lat' dir='ltr'>die</span> <span class='ocrx_word' id='word_1_220' title='bbox 969 2920 1057 2971; x_wconf 88' lang='lat' dir='ltr'>certa</span> <span class='ocrx_word' id='word_1_221' title='bbox 1069 2911 1186 2972; x_wconf 87' lang='lat' dir='ltr'>invasit</span> <span class='ocrx_word' id='word_1_222' title='bbox 1203 2910 1362 2972; x_wconf 89' lang='lat' dir='ltr'>violenter</span> <span class='ocrx_word' id='word_1_223' title='bbox 1375 2911 1479 2972; x_wconf 93' lang='lat' dir='ltr'>villam</span> <span class='ocrx_word' id='word_1_224' title='bbox 1494 2911 1547 2972; x_wconf 92' lang='lat' dir='ltr'>dni</span> <span class='ocrx_word' id='word_1_225' title='bbox 1560 2911 1714 2991; x_wconf 86' lang='lat' dir='ltr'>Episcopi</span> <span class='ocrx_word' id='word_1_226' title='bbox 1729 2908 1962 2972; x_wconf 89' lang='lat' dir='ltr'>Olschamowo</span> 
     </span>
     <span class='ocr_line' id='line_1_22' title="bbox 407 3015 1962 3099; baseline -0.001 -21"><span class='ocrx_word' id='word_1_227' title='bbox 407 3027 556 3099; x_wconf 91' lang='lat' dir='ltr'>tempore</span> <span class='ocrx_word' id='word_1_228' title='bbox 586 3027 752 3086; x_wconf 84' lang='lat' dir='ltr'>nocturno,</span> <span class='ocrx_word' id='word_1_229' title='bbox 786 3017 840 3076; x_wconf 92' lang='lat' dir='ltr'>ubi</span> <span class='ocrx_word' id='word_1_230' title='bbox 864 3015 1059 3078; x_wconf 89' lang='lat' dir='ltr'>kmethones</span> <span class='ocrx_word' id='word_1_231' title='bbox 1084 3019 1222 3096; x_wconf 90' lang='lat' dir='ltr'>quesivit</span> <span class='ocrx_word' id='word_1_232' title='bbox 1246 3037 1318 3077; x_wconf 88' lang='lat' dir='ltr'>curn</span> <span class='ocrx_word' id='word_1_233' title='bbox 1343 3020 1440 3078; x_wconf 86' lang='lat' dir='ltr'>armis</span> <span class='ocrx_word' id='word_1_234' title='bbox 1464 3017 1505 3078; x_wconf 90' lang='lat' dir='ltr'>ad</span> <span class='ocrx_word' id='word_1_235' title='bbox 1531 3017 1781 3098; x_wconf 90' lang='lat' dir='ltr'>percuciendum</span> <span class='ocrx_word' id='word_1_236' title='bbox 1815 3018 1962 3094; x_wconf 90' lang='lat' dir='ltr'>eosdem;</span> 
     </span>
     <span class='ocr_line' id='line_1_23' title="bbox 409 3121 1962 3204; baseline -0.001 -20"><span class='ocrx_word' id='word_1_237' title='bbox 409 3127 504 3204; x_wconf 88' lang='lat' dir='ltr'>quisi</span> <span class='ocrx_word' id='word_1_238' title='bbox 526 3143 589 3184; x_wconf 91' lang='lat' dir='ltr'>non</span> <span class='ocrx_word' id='word_1_239' title='bbox 615 3122 732 3185; x_wconf 90' lang='lat' dir='ltr'>fuerint</span> <span class='ocrx_word' id='word_1_240' title='bbox 756 3123 915 3192; x_wconf 84' lang='lat' dir='ltr'>absconsi,</span> <span class='ocrx_word' id='word_1_241' title='bbox 941 3124 1029 3203; x_wconf 89' lang='lat' dir='ltr'>ipsos</span> <span class='ocrx_word' id='word_1_242' title='bbox 1053 3125 1275 3204; x_wconf 83' lang='lat' dir='ltr'>percussisset.</span> <span class='ocrx_word' id='word_1_243' title='bbox 1302 3126 1485 3187; x_wconf 89' lang='lat' dir='ltr'>invasiones</span> <span class='ocrx_word' id='word_1_244' title='bbox 1509 3125 1668 3186; x_wconf 91' lang='lat' dir='ltr'>bonorum</span> <span class='ocrx_word' id='word_1_245' title='bbox 1694 3124 1829 3185; x_wconf 89' lang='lat' dir='ltr'>ecclesie</span> <span class='ocrx_word' id='word_1_246' title='bbox 1854 3121 1962 3184; x_wconf 90' lang='lat' dir='ltr'>levita-</span> 
     </span>
     <span class='ocr_line' id='line_1_24' title="bbox 408 3230 1962 3311; baseline -0.002 -19"><span class='ocrx_word' id='word_1_247' title='bbox 408 3241 541 3310; x_wconf 91' lang='lat' dir='ltr'>temque</span> <span class='ocrx_word' id='word_1_248' title='bbox 573 3231 745 3292; x_wconf 91' lang='lat' dir='ltr'>verborum</span> <span class='ocrx_word' id='word_1_249' title='bbox 779 3231 1032 3308; x_wconf 90' lang='lat' dir='ltr'>inhonestorum,</span> <span class='ocrx_word' id='word_1_250' title='bbox 1065 3243 1161 3311; x_wconf 90' lang='lat' dir='ltr'>prout</span> <span class='ocrx_word' id='word_1_251' title='bbox 1193 3251 1298 3311; x_wconf 87' lang='lat' dir='ltr'>supra.</span> <span class='ocrx_word' id='word_1_252' title='bbox 1329 3232 1496 3294; x_wconf 88' lang='lat' dir='ltr'>extimavit</span> <span class='ocrx_word' id='word_1_253' title='bbox 1521 3230 1561 3292; x_wconf 90' lang='lat' dir='ltr'>ad</span> <span class='ocrx_word' id='word_1_254' title='bbox 1587 3232 1619 3291; x_wconf 83' lang='lat' dir='ltr'>Nl</span> <span class='ocrx_word' id='word_1_255' title='bbox 1645 3231 1786 3293; x_wconf 85' lang='lat' dir='ltr'>florenos</span> <span class='ocrx_word' id='word_1_256' title='bbox 1819 3230 1962 3310; x_wconf 87' lang='lat' dir='ltr'>Hungar.</span> 
     </span>
    </p>
   </div>
   <div class='ocr_carea' id='block_1_6' title="bbox 409 3323 1962 3507">
    <p class='ocr_par' dir='ltr' id='par_1_6' title="bbox 409 3323 1962 3507">
     <span class='ocr_line' id='line_1_25' title="bbox 409 3323 1962 3420; baseline -0.003 -20"><span class='ocrx_word' id='word_1_257' title='bbox 409 3347 526 3418; x_wconf 88' lang='lat' dir='ltr'>petens</span> <span class='ocrx_word' id='word_1_258' title='bbox 543 3339 647 3418; x_wconf 92' lang='lat' dir='ltr'>ipsum</span> <span class='ocrx_word' id='word_1_259' title='bbox 664 3340 696 3399; x_wconf 94' lang='lat' dir='ltr'>in</span> <span class='ocrx_word' id='word_1_260' title='bbox 714 3339 835 3400; x_wconf 92' lang='lat' dir='ltr'>eisdem</span> <span class='ocrx_word' id='word_1_261' title='bbox 853 3339 1120 3418; x_wconf 89' lang='lat' dir='ltr'>condempnari..</span> <span class='ocrx_word' id='word_1_262' title='bbox 1146 3338 1340 3400; x_wconf 88' lang='lat' dir='ltr'>Exadverso</span> <span class='ocrx_word' id='word_1_263' title='bbox 1361 3339 1477 3400; x_wconf 90' lang='lat' dir='ltr'>nobilis</span> <span class='ocrx_word' id='word_1_264' title='bbox 1502 3337 1713 3420; x_wconf 70' lang='lat' dir='ltr'>Gregorius„</span> <span class='ocrx_word' id='word_1_265' title='bbox 1739 3323 1879 3398; x_wconf 84' lang='lat' dir='ltr'>obtinuit</span> <span class='ocrx_word' id='word_1_266' title='bbox 1902 3347 1962 3398; x_wconf 89' lang='lat' dir='ltr'>ter·</span> 
     </span>
     <span class='ocr_line' id='line_1_26' title="bbox 409 3444 853 3507; baseline 0 -1"><span class='ocrx_word' id='word_1_267' title='bbox 409 3447 528 3506; x_wconf 88' lang='lat' dir='ltr'>minum</span> <span class='ocrx_word' id='word_1_268' title='bbox 554 3444 853 3507; x_wconf 89' lang='lat' dir='ltr'>deliberatorium..</span> 
     </span>
    </p>
   </div>
   <div class='ocr_carea' id='block_1_7' title="bbox 622 3636 1461 3718">
    <p class='ocr_par' dir='ltr' id='par_1_7' title="bbox 622 3636 1461 3718">
     <span class='ocr_line' id='line_1_27' title="bbox 622 3636 1461 3718; baseline 0 -20"><span class='ocrx_word' id='word_1_269' title='bbox 622 3636 663 3698; x_wconf 90' lang='lat' dir='ltr'>A.</span> <span class='ocrx_word' id='word_1_270' title='bbox 694 3653 784 3718; x_wconf 85' lang='lat'>1509,</span> <span class='ocrx_word' id='word_1_271' title='bbox 809 3637 932 3716; x_wconf 86' lang='lat' dir='ltr'>Aprilis</span> <span class='ocrx_word' id='word_1_272' title='bbox 962 3639 1006 3711; x_wconf 90' lang='lat'>16,</span> <span class='ocrx_word' id='word_1_273' title='bbox 1031 3640 1062 3698; x_wconf 92' lang='lat' dir='ltr'>in</span> <span class='ocrx_word' id='word_1_274' title='bbox 1087 3639 1281 3702; x_wconf 91' lang='lat' dir='ltr'>consistorio</span> <span class='ocrx_word' id='word_1_275' title='bbox 1304 3638 1461 3701; x_wconf 89' lang='lat' dir='ltr'>Plocensi.</span> 
     </span>
    </p>
   </div>
   <div class='ocr_carea' id='block_1_8' title="bbox 410 3757 2039 5765">
    <p class='ocr_par' dir='ltr' id='par_1_8' title="bbox 410 3757 1964 4802">
     <span class='ocr_line' id='line_1_28' title="bbox 517 3757 1964 3844; baseline -0.003 -18"><span class='ocrx_word' id='word_1_276' title='bbox 517 3757 607 3826; x_wconf 84' lang='grc'><strong>284.</strong></span> <span class='ocrx_word' id='word_1_277' title='bbox 639 3761 735 3843; x_wconf 89' lang='lat' dir='ltr'>(Acta</span> <span class='ocrx_word' id='word_1_278' title='bbox 759 3762 843 3822; x_wconf 81' lang='lat' dir='ltr'>ollic.</span> <span class='ocrx_word' id='word_1_279' title='bbox 869 3761 942 3842; x_wconf 86' lang='lat' dir='ltr'>lla).</span> <span class='ocrx_word' id='word_1_280' title='bbox 975 3762 1010 3823; x_wconf 91' lang='lat' dir='ltr'>ln</span> <span class='ocrx_word' id='word_1_281' title='bbox 1034 3783 1132 3824; x_wconf 90' lang='lat' dir='ltr'>causa</span> <span class='ocrx_word' id='word_1_282' title='bbox 1155 3763 1269 3826; x_wconf 92' lang='lat' dir='ltr'>honor.</span> <span class='ocrx_word' id='word_1_283' title='bbox 1301 3763 1424 3825; x_wconf 93' lang='lat' dir='ltr'>Nicolai</span> <span class='ocrx_word' id='word_1_284' title='bbox 1451 3763 1579 3844; x_wconf 88' lang='lat' dir='ltr'>plebani</span> <span class='ocrx_word' id='word_1_285' title='bbox 1603 3765 1634 3824; x_wconf 93' lang='lat' dir='ltr'>in</span> <span class='ocrx_word' id='word_1_286' title='bbox 1659 3761 1826 3826; x_wconf 89' lang='lat' dir='ltr'>Gozdowo</span> <span class='ocrx_word' id='word_1_287' title='bbox 1850 3773 1964 3824; x_wconf 90' lang='lat' dir='ltr'>contra</span> 
     </span>
     <span class='ocr_line' id='line_1_29' title="bbox 411 3868 1963 3952; baseline -0.001 -22"><span class='ocrx_word' id='word_1_288' title='bbox 411 3881 564 3950; x_wconf 88' lang='lat' dir='ltr'>patrones</span> <span class='ocrx_word' id='word_1_289' title='bbox 589 3869 724 3930; x_wconf 81' lang='lat' dir='ltr'>ecclesie</span> <span class='ocrx_word' id='word_1_290' title='bbox 749 3888 839 3930; x_wconf 92' lang='lat' dir='ltr'>sue..</span> <span class='ocrx_word' id='word_1_291' title='bbox 865 3869 1022 3949; x_wconf 89' lang='lat' dir='ltr'>plebanus</span> <span class='ocrx_word' id='word_1_292' title='bbox 1047 3872 1161 3950; x_wconf 91' lang='lat' dir='ltr'>petivit</span> <span class='ocrx_word' id='word_1_293' title='bbox 1186 3871 1244 3932; x_wconf 91' lang='lat' dir='ltr'>sibi</span> <span class='ocrx_word' id='word_1_294' title='bbox 1271 3869 1471 3952; x_wconf 84' lang='lat' dir='ltr'>privilegium</span> <span class='ocrx_word' id='word_1_295' title='bbox 1497 3873 1669 3933; x_wconf 87' lang='lat' dir='ltr'>erectionis</span> <span class='ocrx_word' id='word_1_296' title='bbox 1694 3891 1751 3932; x_wconf 90' lang='lat' dir='ltr'>sue</span> <span class='ocrx_word' id='word_1_297' title='bbox 1775 3868 1911 3932; x_wconf 89' lang='lat' dir='ltr'>ecclesie</span> <span class='ocrx_word' id='word_1_298' title='bbox 1931 3871 1963 3928; x_wconf 92' lang='lat' dir='ltr'>in</span> 
     </span>
     <span class='ocr_line' id='line_1_30' title="bbox 411 3953 1964 4057; baseline -0.003 -17"><span class='ocrx_word' id='word_1_299' title='bbox 411 3975 611 4040; x_wconf 80' lang='lat' dir='ltr'>Gozdowo..</span> <span class='ocrx_word' id='word_1_300' title='bbox 643 3953 776 4047; x_wconf 85' lang='lat' dir='ltr'>restitui,</span> <span class='ocrx_word' id='word_1_301' title='bbox 809 3975 896 4056; x_wconf 93' lang='lat' dir='ltr'>quod</span> <span class='ocrx_word' id='word_1_302' title='bbox 923 3975 1122 4056; x_wconf 89' lang='lat' dir='ltr'>privilegium</span> <span class='ocrx_word' id='word_1_303' title='bbox 1148 3979 1215 4039; x_wconf 84' lang='lat' dir='ltr'>sive</span> <span class='ocrx_word' id='word_1_304' title='bbox 1240 3978 1396 4040; x_wconf 75' lang='lat' dir='ltr'>litteras„</span> <span class='ocrx_word' id='word_1_305' title='bbox 1428 3977 1510 4038; x_wconf 91' lang='lat' dir='ltr'>dnus</span> <span class='ocrx_word' id='word_1_306' title='bbox 1542 3976 1682 4038; x_wconf 87' lang='lat' dir='ltr'>Mathias</span> <span class='ocrx_word' id='word_1_307' title='bbox 1716 3977 1964 4057; x_wconf 87' lang='lat' dir='ltr'>penitenciarius</span> 
     </span>
     <span class='ocr_line' id='line_1_31' title="bbox 411 4079 1964 4167; baseline -0.001 -23"><span class='ocrx_word' id='word_1_308' title='bbox 411 4080 558 4167; x_wconf 82' lang='lat' dir='ltr'>[ecclesie</span> <span class='ocrx_word' id='word_1_309' title='bbox 584 4081 725 4144; x_wconf 88' lang='lat' dir='ltr'>cathedr.</span> <span class='ocrx_word' id='word_1_310' title='bbox 743 4079 952 4167; x_wconf 73' lang='lat' dir='ltr'>Plocensisl..</span> <span class='ocrx_word' id='word_1_311' title='bbox 977 4085 1200 4163; x_wconf 85' lang='lat' dir='ltr'>reproduxit..</span> <span class='ocrx_word' id='word_1_312' title='bbox 1226 4084 1269 4146; x_wconf 91' lang='lat' dir='ltr'>Et</span> <span class='ocrx_word' id='word_1_313' title='bbox 1293 4085 1442 4146; x_wconf 92' lang='lat' dir='ltr'>dominus</span> <span class='ocrx_word' id='word_1_314' title='bbox 1466 4083 1609 4146; x_wconf 90' lang='lat' dir='ltr'>decrevit</span> <span class='ocrx_word' id='word_1_315' title='bbox 1634 4105 1689 4145; x_wconf 88' lang='lat' dir='ltr'>eas</span> <span class='ocrx_word' id='word_1_316' title='bbox 1706 4085 1783 4145; x_wconf 91' lang='lat' dir='ltr'>dare</span> <span class='ocrx_word' id='word_1_317' title='bbox 1801 4085 1830 4143; x_wconf 94' lang='lat' dir='ltr'>in</span> <span class='ocrx_word' id='word_1_318' title='bbox 1849 4101 1964 4144; x_wconf 90' lang='lat' dir='ltr'>manus</span> 
     </span>
     <span class='ocr_line' id='line_1_32' title="bbox 411 4189 1962 4271; baseline 0 -23"><span class='ocrx_word' id='word_1_319' title='bbox 411 4189 540 4270; x_wconf 89' lang='lat' dir='ltr'>plebani</span> <span class='ocrx_word' id='word_1_320' title='bbox 564 4201 597 4249; x_wconf 90' lang='lat' dir='ltr'>et</span> <span class='ocrx_word' id='word_1_321' title='bbox 623 4189 817 4260; x_wconf 80' lang='lat' dir='ltr'>vitricorum</span> <span class='ocrx_word' id='word_1_322' title='bbox 850 4199 882 4250; x_wconf 91' lang='lat' dir='ltr'>et</span> <span class='ocrx_word' id='word_1_323' title='bbox 916 4191 1043 4268; x_wconf 87' lang='lat' dir='ltr'>patroni</span> <span class='ocrx_word' id='word_1_324' title='bbox 1076 4191 1217 4252; x_wconf 87' lang='lat' dir='ltr'>eiusdem</span> <span class='ocrx_word' id='word_1_325' title='bbox 1250 4192 1387 4254; x_wconf 91' lang='lat' dir='ltr'>ecclesie</span> <span class='ocrx_word' id='word_1_326' title='bbox 1418 4194 1449 4252; x_wconf 92' lang='lat' dir='ltr'>in</span> <span class='ocrx_word' id='word_1_327' title='bbox 1482 4189 1650 4252; x_wconf 86' lang='lat' dir='ltr'>Gozdowo</span> <span class='ocrx_word' id='word_1_328' title='bbox 1675 4191 1715 4252; x_wconf 91' lang='lat' dir='ltr'>ad</span> <span class='ocrx_word' id='word_1_329' title='bbox 1739 4191 1962 4271; x_wconf 89' lang='lat' dir='ltr'>reponendum</span> 
     </span>
     <span class='ocr_line' id='line_1_33' title="bbox 411 4297 1962 4380; baseline -0.001 -23"><span class='ocrx_word' id='word_1_330' title='bbox 411 4305 659 4372; x_wconf 85' lang='lat' dir='ltr'>consenserunt;</span> <span class='ocrx_word' id='word_1_331' title='bbox 692 4315 772 4375; x_wconf 90' lang='lat' dir='ltr'>quas</span> <span class='ocrx_word' id='word_1_332' title='bbox 797 4297 919 4358; x_wconf 90' lang='lat' dir='ltr'>litteras</span> <span class='ocrx_word' id='word_1_333' title='bbox 943 4298 1026 4358; x_wconf 92' lang='lat' dir='ltr'>idem</span> <span class='ocrx_word' id='word_1_334' title='bbox 1053 4297 1135 4359; x_wconf 93' lang='lat' dir='ltr'>dnus</span> <span class='ocrx_word' id='word_1_335' title='bbox 1159 4297 1317 4378; x_wconf 89' lang='lat' dir='ltr'>plebanus</span> <span class='ocrx_word' id='word_1_336' title='bbox 1346 4301 1469 4380; x_wconf 88' lang='lat' dir='ltr'>recepit</span> <span class='ocrx_word' id='word_1_337' title='bbox 1494 4311 1527 4362; x_wconf 91' lang='lat' dir='ltr'>et</span> <span class='ocrx_word' id='word_1_338' title='bbox 1551 4319 1623 4359; x_wconf 92' lang='lat' dir='ltr'>cum</span> <span class='ocrx_word' id='word_1_339' title='bbox 1649 4300 1769 4360; x_wconf 88' lang='lat' dir='ltr'>vitricis</span> <span class='ocrx_word' id='word_1_340' title='bbox 1794 4299 1823 4357; x_wconf 91' lang='lat' dir='ltr'>in</span> <span class='ocrx_word' id='word_1_341' title='bbox 1848 4299 1962 4358; x_wconf 88' lang='lat' dir='ltr'>cistam</span> 
     </span>
     <span class='ocr_line' id='line_1_34' title="bbox 411 4403 1964 4485; baseline -0.001 -22"><span class='ocrx_word' id='word_1_342' title='bbox 411 4421 467 4464; x_wconf 90' lang='lat' dir='ltr'>seu</span> <span class='ocrx_word' id='word_1_343' title='bbox 493 4403 679 4462; x_wconf 82' lang='lat' dir='ltr'>tlrezaurum</span> <span class='ocrx_word' id='word_1_344' title='bbox 713 4403 848 4465; x_wconf 89' lang='lat' dir='ltr'>ecclesie</span> <span class='ocrx_word' id='word_1_345' title='bbox 880 4403 1003 4485; x_wconf 86' lang='lat' dir='ltr'>prelate</span> <span class='ocrx_word' id='word_1_346' title='bbox 1037 4425 1195 4484; x_wconf 89' lang='lat' dir='ltr'>reponere</span> <span class='ocrx_word' id='word_1_347' title='bbox 1227 4405 1391 4468; x_wconf 87' lang='lat' dir='ltr'>debebit..</span> <span class='ocrx_word' id='word_1_348' title='bbox 1424 4407 1466 4468; x_wconf 88' lang='lat' dir='ltr'>Et</span> <span class='ocrx_word' id='word_1_349' title='bbox 1491 4407 1609 4467; x_wconf 88' lang='lat' dir='ltr'>ibidem</span> <span class='ocrx_word' id='word_1_350' title='bbox 1642 4403 1758 4466; x_wconf 92' lang='lat' dir='ltr'>nobilis</span> <span class='ocrx_word' id='word_1_351' title='bbox 1788 4403 1964 4466; x_wconf 86' lang='lat' dir='ltr'>Catherina</span> 
     </span>
     <span class='ocr_line' id='line_1_35' title="bbox 412 4509 1964 4594; baseline -0.001 -24"><span class='ocrx_word' id='word_1_352' title='bbox 412 4510 521 4572; x_wconf 91' lang='lat' dir='ltr'>relicta</span> <span class='ocrx_word' id='word_1_353' title='bbox 552 4510 628 4570; x_wconf 93' lang='lat' dir='ltr'>olim</span> <span class='ocrx_word' id='word_1_354' title='bbox 662 4511 777 4572; x_wconf 92' lang='lat' dir='ltr'>nobilis</span> <span class='ocrx_word' id='word_1_355' title='bbox 810 4509 894 4570; x_wconf 89' lang='lat' dir='ltr'>Pauli</span> <span class='ocrx_word' id='word_1_356' title='bbox 928 4512 968 4572; x_wconf 92' lang='lat' dir='ltr'>de</span> <span class='ocrx_word' id='word_1_357' title='bbox 1002 4510 1171 4574; x_wconf 89' lang='lat' dir='ltr'>Gozdowo</span> <span class='ocrx_word' id='word_1_358' title='bbox 1203 4524 1341 4592; x_wconf 90' lang='lat' dir='ltr'>patrona</span> <span class='ocrx_word' id='word_1_359' title='bbox 1376 4515 1519 4576; x_wconf 89' lang='lat' dir='ltr'>eiusdem</span> <span class='ocrx_word' id='word_1_360' title='bbox 1556 4514 1694 4576; x_wconf 89' lang='lat' dir='ltr'>ecclesie</span> <span class='ocrx_word' id='word_1_361' title='bbox 1730 4513 1843 4594; x_wconf 92' lang='lat' dir='ltr'>petivit</span> <span class='ocrx_word' id='word_1_362' title='bbox 1876 4512 1964 4592; x_wconf 87' lang='lat' dir='ltr'>ipsas</span> 
     </span>
     <span class='ocr_line' id='line_1_36' title="bbox 410 4615 1964 4700; baseline 0.001 -23"><span class='ocrx_word' id='word_1_363' title='bbox 410 4615 532 4678; x_wconf 90' lang='lat' dir='ltr'>litteras</span> <span class='ocrx_word' id='word_1_364' title='bbox 558 4617 637 4678; x_wconf 92' lang='lat' dir='ltr'>actis</span> <span class='ocrx_word' id='word_1_365' title='bbox 660 4619 875 4679; x_wconf 84' lang='lat' dir='ltr'>consistorii..</span> <span class='ocrx_word' id='word_1_366' title='bbox 901 4617 1130 4698; x_wconf 89' lang='lat' dir='ltr'>ingrossandas</span> <span class='ocrx_word' id='word_1_367' title='bbox 1155 4619 1331 4680; x_wconf 86' lang='lat' dir='ltr'>mandari..</span> <span class='ocrx_word' id='word_1_368' title='bbox 1363 4618 1640 4700; x_wconf 84' lang='lat' dir='ltr'>Quarumquidem</span> <span class='ocrx_word' id='word_1_369' title='bbox 1666 4621 1845 4682; x_wconf 88' lang='lat' dir='ltr'>litterarum</span> <span class='ocrx_word' id='word_1_370' title='bbox 1869 4628 1964 4679; x_wconf 84' lang='lat' dir='ltr'>tenor</span> 
     </span>
     <span class='ocr_line' id='line_1_37' title="bbox 412 4725 590 4802; baseline 0 -19"><span class='ocrx_word' id='word_1_371' title='bbox 412 4725 590 4802; x_wconf 89' lang='lat' dir='ltr'>sequitur..</span> 
     </span>
    </p>

    <p class='ocr_par' dir='ltr' id='par_1_9' title="bbox 412 4829 2039 5765">
     <span class='ocr_line' id='line_1_38' title="bbox 519 4829 1963 4913; baseline 0 -23"><span class='ocrx_word' id='word_1_372' title='bbox 519 4829 587 4892; x_wconf 92' lang='lat' dir='ltr'>Nos</span> <span class='ocrx_word' id='word_1_373' title='bbox 605 4831 718 4891; x_wconf 90' lang='lat' dir='ltr'>Petrus</span> <span class='ocrx_word' id='word_1_374' title='bbox 738 4831 773 4892; x_wconf 87' lang='lat' dir='ltr'>D.</span> <span class='ocrx_word' id='word_1_375' title='bbox 787 4853 817 4912; x_wconf 87' lang='lat' dir='ltr'>g.</span> <span class='ocrx_word' id='word_1_376' title='bbox 835 4835 1009 4912; x_wconf 89' lang='lat' dir='ltr'>episcopus</span> <span class='ocrx_word' id='word_1_377' title='bbox 1029 4831 1199 4902; x_wconf 77' lang='lat' dir='ltr'>l‘locensis.</span> <span class='ocrx_word' id='word_1_378' title='bbox 1218 4833 1364 4894; x_wconf 89' lang='lat' dir='ltr'>Mazovie</span> <span class='ocrx_word' id='word_1_379' title='bbox 1380 4835 1596 4907; x_wconf 88' lang='lat' dir='ltr'>cancellarius,</span> <span class='ocrx_word' id='word_1_380' title='bbox 1616 4831 1832 4913; x_wconf 87' lang='lat' dir='ltr'>significamus</span> <span class='ocrx_word' id='word_1_381' title='bbox 1850 4840 1963 4892; x_wconf 89' lang='lat' dir='ltr'>tenore</span> 
     </span>
     <span class='ocr_line' id='line_1_39' title="bbox 413 4937 2039 5018; baseline -0.002 -20"><span class='ocrx_word' id='word_1_382' title='bbox 413 4939 647 5018; x_wconf 89' lang='lat' dir='ltr'>presencium..</span> <span class='ocrx_word' id='word_1_383' title='bbox 681 4939 879 5016; x_wconf 74' lang='lat' dir='ltr'>quomodo„</span> <span class='ocrx_word' id='word_1_384' title='bbox 913 4939 995 4998; x_wconf 89' lang='lat' dir='ltr'>dnus</span> <span class='ocrx_word' id='word_1_385' title='bbox 1020 4939 1180 5000; x_wconf 90' lang='lat' dir='ltr'>lohannes</span> <span class='ocrx_word' id='word_1_386' title='bbox 1204 4939 1244 5000; x_wconf 93' lang='lat' dir='ltr'>de</span> <span class='ocrx_word' id='word_1_387' title='bbox 1269 4937 1392 5018; x_wconf 87' lang='lat' dir='ltr'>Sdzary</span> <span class='ocrx_word' id='word_1_388' title='bbox 1418 4939 1663 5002; x_wconf 88' lang='lat' dir='ltr'>archidiaconus</span> <span class='ocrx_word' id='word_1_389' title='bbox 1695 4939 1909 5000; x_wconf 89' lang='lat' dir='ltr'>Dobrineusis</span> <span class='ocrx_word' id='word_1_390' title='bbox 1932 4939 1963 4998; x_wconf 92' lang='lat' dir='ltr'>in</span> <span class='ocrx_word' id='word_1_391' title='bbox 2035 4985 2039 4994; x_wconf 95' lang='lat'>.</span> 
     </span>
     <span class='ocr_line' id='line_1_40' title="bbox 412 5042 1964 5127; baseline 0.001 -23"><span class='ocrx_word' id='word_1_392' title='bbox 412 5045 549 5104; x_wconf 86' lang='lat' dir='ltr'>ecclesia</span> <span class='ocrx_word' id='word_1_393' title='bbox 572 5055 684 5104; x_wconf 85' lang='lat' dir='ltr'>nostra</span> <span class='ocrx_word' id='word_1_394' title='bbox 705 5042 850 5105; x_wconf 89' lang='lat' dir='ltr'>Plocensi</span> <span class='ocrx_word' id='word_1_395' title='bbox 876 5066 934 5122; x_wconf 93' lang='lat' dir='ltr'>pro</span> <span class='ocrx_word' id='word_1_396' title='bbox 959 5055 1052 5124; x_wconf 87' lang='lat' dir='ltr'>parte</span> <span class='ocrx_word' id='word_1_397' title='bbox 1075 5045 1187 5106; x_wconf 90' lang='lat' dir='ltr'>honor.</span> <span class='ocrx_word' id='word_1_398' title='bbox 1213 5043 1370 5125; x_wconf 86' lang='lat' dir='ltr'>Stephani</span> <span class='ocrx_word' id='word_1_399' title='bbox 1387 5046 1426 5107; x_wconf 90' lang='lat' dir='ltr'>de</span> <span class='ocrx_word' id='word_1_400' title='bbox 1444 5045 1585 5127; x_wconf 90' lang='lat' dir='ltr'>Szdzary</span> <span class='ocrx_word' id='word_1_401' title='bbox 1611 5047 1756 5108; x_wconf 90' lang='lat' dir='ltr'>canonici</span> <span class='ocrx_word' id='word_1_402' title='bbox 1781 5044 1964 5108; x_wconf 85' lang='lat' dir='ltr'>Culmensis</span> 
     </span>
     <span class='ocr_line' id='line_1_41' title="bbox 412 5149 1964 5231; baseline 0.002 -20"><span class='ocrx_word' id='word_1_403' title='bbox 412 5151 452 5211; x_wconf 87' lang='lat' dir='ltr'>ad</span> <span class='ocrx_word' id='word_1_404' title='bbox 478 5149 645 5212; x_wconf 88' lang='lat' dir='ltr'>ecclesiam</span> <span class='ocrx_word' id='word_1_405' title='bbox 677 5149 890 5228; x_wconf 89' lang='lat' dir='ltr'>parochialem</span> <span class='ocrx_word' id='word_1_406' title='bbox 917 5152 948 5212; x_wconf 91' lang='lat' dir='ltr'>in</span> <span class='ocrx_word' id='word_1_407' title='bbox 973 5149 1142 5214; x_wconf 82' lang='lat' dir='ltr'>Gozdowo</span> <span class='ocrx_word' id='word_1_408' title='bbox 1175 5155 1387 5231; x_wconf 88' lang='lat' dir='ltr'>presentati..</span> <span class='ocrx_word' id='word_1_409' title='bbox 1420 5153 1559 5216; x_wconf 90' lang='lat' dir='ltr'>litteram</span> <span class='ocrx_word' id='word_1_410' title='bbox 1593 5154 1796 5216; x_wconf 87' lang='lat' dir='ltr'>erectionis..</span> <span class='ocrx_word' id='word_1_411' title='bbox 1829 5155 1964 5216; x_wconf 86' lang='lat' dir='ltr'>ecclesie</span> 
     </span>
     <span class='ocr_line' id='line_1_42' title="bbox 413 5256 1962 5339; baseline 0.001 -21"><span class='ocrx_word' id='word_1_412' title='bbox 413 5256 605 5337; x_wconf 90' lang='lat' dir='ltr'>parochialis</span> <span class='ocrx_word' id='word_1_413' title='bbox 630 5257 808 5336; x_wconf 86' lang='lat' dir='ltr'>predicte..</span> <span class='ocrx_word' id='word_1_414' title='bbox 833 5257 891 5318; x_wconf 93' lang='lat' dir='ltr'>sub</span> <span class='ocrx_word' id='word_1_415' title='bbox 916 5258 1010 5319; x_wconf 92' lang='lat' dir='ltr'>titulo</span> <span class='ocrx_word' id='word_1_416' title='bbox 1035 5270 1068 5320; x_wconf 91' lang='lat' dir='ltr'>et</span> <span class='ocrx_word' id='word_1_417' title='bbox 1089 5257 1193 5338; x_wconf 88' lang='lat' dir='ltr'>sigillo</span> <span class='ocrx_word' id='word_1_418' title='bbox 1217 5259 1292 5320; x_wconf 92' lang='lat' dir='ltr'>olim</span> <span class='ocrx_word' id='word_1_419' title='bbox 1318 5259 1381 5320; x_wconf 92' lang='lat' dir='ltr'>Rdi</span> <span class='ocrx_word' id='word_1_420' title='bbox 1407 5262 1507 5338; x_wconf 87' lang='lat' dir='ltr'>patris</span> <span class='ocrx_word' id='word_1_421' title='bbox 1531 5261 1584 5321; x_wconf 90' lang='lat' dir='ltr'>dui</span> <span class='ocrx_word' id='word_1_422' title='bbox 1611 5260 1792 5322; x_wconf 89' lang='lat' dir='ltr'>Iohannis..</span> <span class='ocrx_word' id='word_1_423' title='bbox 1817 5262 1962 5339; x_wconf 91' lang='lat' dir='ltr'>episcopi</span> 
     </span>
     <span class='ocr_line' id='line_1_43' title="bbox 413 5364 1965 5447; baseline 0.003 -22"><span class='ocrx_word' id='word_1_424' title='bbox 413 5364 576 5425; x_wconf 91' lang='lat' dir='ltr'>Plocensis</span> <span class='ocrx_word' id='word_1_425' title='bbox 600 5365 841 5444; x_wconf 89' lang='lat' dir='ltr'>predecessoris</span> <span class='ocrx_word' id='word_1_426' title='bbox 865 5365 967 5426; x_wconf 90' lang='lat' dir='ltr'>nostri</span> <span class='ocrx_word' id='word_1_427' title='bbox 990 5365 1167 5428; x_wconf 89' lang='lat' dir='ltr'>immediati</span> <span class='ocrx_word' id='word_1_428' title='bbox 1193 5365 1312 5428; x_wconf 88' lang='lat' dir='ltr'>dudum</span> <span class='ocrx_word' id='word_1_429' title='bbox 1331 5369 1396 5428; x_wconf 90' lang='lat' dir='ltr'>vita</span> <span class='ocrx_word' id='word_1_430' title='bbox 1414 5365 1513 5428; x_wconf 88' lang='lat' dir='ltr'>luncti</span> <span class='ocrx_word' id='word_1_431' title='bbox 1538 5366 1642 5446; x_wconf 85' lang='lat' dir='ltr'>sigillo</span> <span class='ocrx_word' id='word_1_432' title='bbox 1667 5365 1797 5447; x_wconf 89' lang='lat' dir='ltr'>capituli</span> <span class='ocrx_word' id='word_1_433' title='bbox 1821 5368 1965 5447; x_wconf 89' lang='lat' dir='ltr'>oblonge</span> 
     </span>
     <span class='ocr_line' id='line_1_44' title="bbox 415 5469 1964 5554; baseline 0.002 -23"><span class='ocrx_word' id='word_1_434' title='bbox 415 5471 516 5550; x_wconf 84' lang='lat' dir='ltr'>ligure</span> <span class='ocrx_word' id='word_1_435' title='bbox 540 5472 738 5550; x_wconf 88' lang='lat' dir='ltr'>appendenti</span> <span class='ocrx_word' id='word_1_436' title='bbox 765 5469 936 5552; x_wconf 85' lang='lat' dir='ltr'>sigillatam</span> <span class='ocrx_word' id='word_1_437' title='bbox 964 5493 1021 5552; x_wconf 88' lang='lat' dir='ltr'>per</span> <span class='ocrx_word' id='word_1_438' title='bbox 1044 5473 1220 5553; x_wconf 91' lang='lat' dir='ltr'>obruptum</span> <span class='ocrx_word' id='word_1_439' title='bbox 1245 5483 1354 5535; x_wconf 89' lang='lat' dir='ltr'>tamen</span> <span class='ocrx_word' id='word_1_440' title='bbox 1371 5483 1404 5534; x_wconf 90' lang='lat' dir='ltr'>et</span> <span class='ocrx_word' id='word_1_441' title='bbox 1421 5474 1636 5534; x_wconf 89' lang='lat' dir='ltr'>abscisionem</span> <span class='ocrx_word' id='word_1_442' title='bbox 1661 5473 1754 5554; x_wconf 89' lang='lat' dir='ltr'>sigilli</span> <span class='ocrx_word' id='word_1_443' title='bbox 1779 5473 1893 5554; x_wconf 83' lang='lat' dir='ltr'>prelati</span> <span class='ocrx_word' id='word_1_444' title='bbox 1911 5475 1964 5536; x_wconf 90' lang='lat' dir='ltr'>dni</span> 
     </span>
     <span class='ocr_line' id='line_1_45' title="bbox 413 5575 1965 5662; baseline 0.003 -26"><span class='ocrx_word' id='word_1_445' title='bbox 413 5577 579 5658; x_wconf 91' lang='lat' dir='ltr'>Episcopi,</span> <span class='ocrx_word' id='word_1_446' title='bbox 612 5589 646 5640; x_wconf 93' lang='lat' dir='ltr'>ut</span> <span class='ocrx_word' id='word_1_447' title='bbox 671 5575 847 5638; x_wconf 90' lang='lat' dir='ltr'>luculenter</span> <span class='ocrx_word' id='word_1_448' title='bbox 871 5581 1027 5658; x_wconf 84' lang='lat' dir='ltr'>apparuit,</span> <span class='ocrx_word' id='word_1_449' title='bbox 1063 5579 1216 5641; x_wconf 88' lang='lat' dir='ltr'>violatam</span> <span class='ocrx_word' id='word_1_450' title='bbox 1242 5601 1350 5641; x_wconf 90' lang='lat' dir='ltr'>coram</span> <span class='ocrx_word' id='word_1_451' title='bbox 1376 5579 1470 5642; x_wconf 90' lang='lat' dir='ltr'>nobis</span> <span class='ocrx_word' id='word_1_452' title='bbox 1495 5580 1657 5661; x_wconf 83' lang='lat' dir='ltr'>produxit,</span> <span class='ocrx_word' id='word_1_453' title='bbox 1686 5593 1803 5662; x_wconf 88' lang='lat' dir='ltr'>petens</span> <span class='ocrx_word' id='word_1_454' title='bbox 1827 5584 1965 5662; x_wconf 87' lang='lat' dir='ltr'>ipsam..</span> 
     </span>
     <span class='ocr_line' id='line_1_46' title="bbox 413 5682 1811 5765; baseline 0.003 -21"><span class='ocrx_word' id='word_1_455' title='bbox 413 5685 584 5745; x_wconf 87' lang='lat' dir='ltr'>transsumi</span> <span class='ocrx_word' id='word_1_456' title='bbox 611 5694 643 5744; x_wconf 90' lang='lat' dir='ltr'>et</span> <span class='ocrx_word' id='word_1_457' title='bbox 668 5682 867 5745; x_wconf 87' lang='lat' dir='ltr'>revalidari..</span> <span class='ocrx_word' id='word_1_458' title='bbox 894 5687 1115 5765; x_wconf 87' lang='lat' dir='ltr'>cuiusquidem</span> <span class='ocrx_word' id='word_1_459' title='bbox 1142 5686 1246 5747; x_wconf 89' lang='lat' dir='ltr'>littere</span> <span class='ocrx_word' id='word_1_460' title='bbox 1272 5687 1477 5748; x_wconf 88' lang='lat' dir='ltr'>erectionis..</span> <span class='ocrx_word' id='word_1_461' title='bbox 1503 5697 1629 5748; x_wconf 88' lang='lat' dir='ltr'>tenor..</span> <span class='ocrx_word' id='word_1_462' title='bbox 1653 5698 1703 5748; x_wconf 91' lang='lat' dir='ltr'>est</span> <span class='ocrx_word' id='word_1_463' title='bbox 1728 5687 1811 5749; x_wconf 88' lang='lat' dir='ltr'>talis:</span> 
     </span>
    </p>
   </div>
   <div class='ocr_carea' id='block_1_9' title="bbox 0 0 2235 6674">
    <p class='ocr_par' dir='ltr' id='par_1_10' title="bbox 0 0 2235 6674">
     <span class='ocr_line' id='line_1_47' title="bbox 0 0 2235 6674; baseline 0 0"><span class='ocrx_word' id='word_1_464' title='bbox 0 0 2235 6674; x_wconf 95' lang='lat' dir='ltr'> </span> 
     </span>
    </p>
   </div>
  </div>
 </body>
</html>
