4392 6672
804 637 982 691 annosum
1002 633 1187 692 1486-1488.
1729 653 1767 724 57

815 731 975 738 ——..-
985 731 1049 736 —...
1056 730 1323 736 „mn—-

216 857 390 936 Prassnysz
414 854 427 916 Ι
452 855 555 916 dicam
581 872 667 929 cere;
693 849 854 914 Iohannes
878 860 912 912 et
928 851 1068 914 Mathias
1085 853 1126 912 de
1143 849 1277 914 Grodek
1298 852 1478 934 perdicam
1494 871 1582 928 cere;
1607 851 1768 914 lohannes

215 963 415 1047 Begyenslty
441 961 466 1022 11
491 961 580 1024 dicas
597 977 685 1035 cere;
710 957 871 1020 lohannes
895 960 939 1036 de
953 957 1177 1022 Kolaczltowo
1197 958 1209 1018 l
1227 960 1332 1022 dicam
1349 978 1437 1036 cere;
1460 957 1581 1020 Tan...
1600 959 1640 1022 de
1657 957 1770 1022 Ostro-

215 1091 279 1152 vya
295 1071 308 1132 I
325 1069 429 1132 dicam
454 1085 542 1143 cere;
567 1063 680 1146 Opath
697 1064 738 1127 de
755 1065 977 1146 Kurzeglowy
994 1064 1099 1126 dicam
1117 1084 1204 1143 cere;
1228 1063 1385 1128 Albertus
1410 1064 1450 1126 de
1468 1064 1616 1128 Modzele
1634 1065 1646 1126 i
1665 1066 1768 1128 dicam

215 1197 301 1254 cere;
334 1175 488 1236 Nicolaus
521 1173 562 1234 de
587 1170 701 1254 Osyek
727 1171 738 1234 1
762 1170 866 1233 dicam
891 1191 978 1249 cere;
1011 1171 1099 1232 Pauli
1130 1172 1398 1234 molendinatoris
1423 1193 1505 1234 uxor
1537 1173 1579 1234 de
1603 1170 1769 1234 Grabowo

215 1284 319 1346 dicam
344 1303 417 1344 cere
442 1294 474 1344 ct
492 1280 573 1342 iilius
598 1280 739 1341 eiusdem
767 1278 886 1340 Bartek
903 1279 1007 1338 dicam
1025 1297 1113 1355 cere;
1137 1278 1294 1342 Martinus
1318 1279 1359 1340 de
1378 1278 1538 1340 Racakal
1561 1281 1664 1341 dicam
1682 1298 1770 1356 cere;

216 1391 369 1452 Andreas
393 1385 515 1470 Gargol
541 1387 581 1448 de
606 1383 742 1448 Gaiwon
769 1385 873 1446 dicam
899 1403 986 1446 cere:
1011 1386 1062 1446 isti
1087 1405 1201 1448 omnes
1226 1387 1266 1446 ad
1292 1395 1442 1464 tempora
1465 1388 1527 1446 iam
1553 1385 1683 1464 elapsa.¹

323 1512 501 1593 Gregorius
525 1511 566 1572 de
582 1508 767 1592 Grzymaly,
794 1509 949 1587 parochia
966 1508 1101 1587 Paluky‚
1126 1511 1232 1572 dicam
1249 1529 1321 1572 cere
1343 1529 1404 1588 pro
1421 1509 1498 1572 feria
1515 1511 1626 1590 quinta
1643 1529 1767 1589 magna.

321 1618 481 1680 Martinus
505 1619 545 1679 de
568 1618 746 1698 Prasznysz
769 1616 875 1678 dicam
900 1635 974 1678 cere
997 1636 1058 1696 pro
1082 1615 1160 1678 feria
1185 1617 1297 1696 quinta
1322 1637 1448 1698 magna.

428 1809 471 1873 A.
500 1811 592 1889 1488,
617 1810 726 1872 Martii
751 1827 801 1891 29,
825 1811 855 1870 in
882 1807 1015 1872 Gorzno
1038 1809 1070 1870 in
1094 1812 1182 1872 curia
1205 1810 1395 1889 episcopali.

325 1933 411 2002 151.
443 1933 541 2014 (Acta
565 1936 662 2015 episc.
687 1934 775 2015 111)..
808 1933 962 1996 Coram..
995 1936 1062 1996 dno
1087 1935 1183 1996 Petro
1215 1935 1252 1996 b.
1280 1956 1310 2016 g.
1335 1936 1493 2015 episcopo
1526 1935 1705 1998 Plocensi..
1738 1939 1769 1998 in

215 2065 314 2107 causa
337 2041 455 2124 nobilis
480 2042 565 2104 Petri
590 2041 718 2104 heredis
742 2042 783 2102 de
801 2039 971 2121 Coszyrok
995 2051 1109 2103 contra
1132 2042 1308 2104 discretum
1333 2042 1512 2112 Nicolaum,
1539 2043 1713 2122 plebanum
1737 2045 1769 2106 in

215 2149 350 2226 Sczuka,
382 2151 468 2210 idem
493 2148 638 2210 Petrus..
664 2149 779 2228 petivit
802 2149 868 2210 vim
893 2159 925 2210 et
950 2147 1099 2210 eflectum
1124 2169 1299 2228 processus
1332 2151 1493 2211 monitorii
1525 2160 1639 2212 contra
1662 2151 1769 2228 ipsum

216 2259 256 2320 ad
279 2258 469 2318 instanciam
495 2257 570 2316 dicti
595 2254 724 2334 plebani
749 2254 804 2317 lati
829 2265 863 2318 et
879 2257 993 2336 vigore
1018 2257 1106 2318 cuius
1123 2256 1185 2318 iam
1204 2258 1361 2318 monitum
1387 2277 1422 2318 se
1447 2259 1536 2332 dixit,
1561 2260 1594 2318 in
1612 2269 1682 2320 toto
1698 2257 1768 2320 tolli

216 2374 248 2426 et
272 2364 442 2426 removeri.
482 2359 536 2422 Ex
559 2361 698 2422 adverso
723 2361 867 2442 prelatus
892 2361 1050 2442 plebanus
1075 2362 1156 2426 dixit
1181 2383 1371 2444 processum
1405 2383 1469 2425 non
1494 2383 1568 2426 esse
1593 2363 1768 2426 tollendum

215 2490 276 2531 nec
299 2467 565 2550 suspendendum
591 2489 633 2530 ex
657 2488 707 2540 eo,
733 2468 819 2548 quod
846 2467 990 2550 prefatus
1016 2470 1129 2532 Petrus
1153 2471 1194 2531 de
1218 2469 1394 2551 Koszyrok
1419 2490 1437 2530 a
1460 2471 1570 2531 multis
1595 2471 1686 2531 annis
1704 2490 1768 2531 non

215 2577 271 2638 dat
295 2587 327 2638 et
344 2575 422 2638 dare
446 2574 581 2658 negligit
604 2573 753 2636 thacaam
778 2575 819 2636 de
843 2577 964 2637 mansis
989 2577 1035 2637 sui
1061 2577 1164 2655 predii
1189 2575 1279 2637 etde
1297 2579 1352 2646 eis,
1378 2557 1460 2656 quos
1484 2577 1668 2638 desertatos
1692 2577 1769 2638 colit

215 2689 245 2746 in
270 2684 396 2765 prelata
420 2681 493 2744 villa
518 2682 666 2753 Cozirok,
693 2702 790 2762 quam
815 2693 924 2744 tamen
950 2680 1001 2743 alii
1026 2683 1121 2744 vicini
1146 2683 1271 2744 nobiles
1295 2695 1329 2746 et
1353 2685 1516 2764 terrigene
1541 2697 1607 2746 tam
1626 2684 1666 2744 de
1683 2685 1770 2764 agris

216 2790 412 2873 predialibus
444 2809 540 2870 quam
574 2789 676 2850 eciam
709 2791 890 2856 desertastis,
927 2809 1009 2869 quos
1041 2800 1134 2852 arant
1165 2801 1198 2852 et
1222 2791 1386 2856 excolunt.
1422 2793 1500 2852 dant
1532 2801 1565 2852 ct
1596 2787 1770 2852 exsolvunt

215 2896 347 2979 singulis
363 2898 455 2958 annis
472 2897 512 2958 de
535 2896 714 2976 antiqua
737 2897 1065 2972 consuetudine;
1089 2896 1235 2977 prefatus
1251 2908 1359 2958 autem
1385 2898 1499 2960 Petrus
1515 2899 1655 2976 negavit.
1680 2897 1768 2976 quod

216 3005 307 3066 vicini
326 3004 452 3066 nobiles
477 3014 510 3065 et
527 3004 690 3085 terrigene
715 3014 748 3066 et
765 3024 881 3065 omnes
899 3005 950 3066 alii
967 3007 1129 3086 terrigena
1151 3005 1285 3065 interra
1303 3003 1537 3066 Miclialowska
1554 3006 1771 3066 consistentes

213 3111 363 3173 thaczam
395 3108 568 3189 aliquando
592 3111 764 3182 solverent,
797 3110 902 3174 dictus
934 3119 1043 3172 autem
1077 3111 1235 3191 plebanus
1268 3112 1382 3190 petivit
1406 3130 1441 3172 se
1466 3109 1511 3190 ad
1537 3111 1770 3190 probacionem

214 3218 342 3282 admitti
365 3215 579 3298 allegatorum
607 3236 751 3294 suorum;
775 3231 808 3278 et
833 3218 982 3279 dominus
1006 3217 1166 3278 admisit..

428 3407 462 3470 A
502 3410 592 3486 1488,
616 3407 741 3488 Aprilis
766 3425 816 3478 21.
842 3410 872 3470 in
896 3407 1035 3488 Iunyecz
1060 3411 1089 3468 in
1117 3410 1204 3470 curia
1229 3410 1414 3490 episcopali.

326 3529 413 3597 152.
439 3531 541 3613 (Acta
564 3533 663 3613 episc.
688 3531 774 3611 llll..
800 3533 919 3594 Rmo..
943 3532 1009 3592 dno
1032 3531 1131 3594 Petro
1155 3532 1194 3593 D.
1218 3554 1248 3614 g.
1273 3535 1429 3612 episcopo
1455 3531 1599 3596 Plocensi
1634 3553 1695 3613 pro
1719 3535 1770 3594 tri·

215 3639 323 3702 bunali
347 3639 482 3702 sedente
494 3660 518 3701 .·
543 3642 740 3702 constitutus
766 3638 979 3718 personaliter
1002 3639 1161 3702 discretus
1179 3641 1261 3701 dnus
1277 3639 1439 3702 Iohannes
1456 3641 1617 3721 presbiter¹
1634 3643 1771 3702 vicarius

216 3749 246 3808 in
271 3745 445 3808 Lanthovo
477 3748 673 3826 reproducta
710 3749 901 3808 citacione..
935 3747 1050 3807 nobilis
1082 3747 1170 3808 Pauli
1203 3747 1450 3828 Nyemyerzycz
1483 3750 1523 3808 de
1548 3747 1771 3818 Rudolthovo,

213 3855 450 3916 contumaciam
475 3855 641 3917 accusavit
665 3863 698 3915 et
721 3865 835 3915 contra
860 3852 986 3915 nobiles
1011 3851 1181 3914 Nicolaum
1207 3854 1457 3934 Nyemyerzycz
1481 3855 1626 3916 dedicta
1651 3852 1772 3915 Rudol·

214 3959 324 4032 thov0,
340 3959 517 4023 Albertum
539 3960 780 4039 lanuschevycz
801 3963 841 4021 de
858 3961 919 4022 alia
936 3959 1155 4032 Rudolthor0,
1173 3961 1303 4023 Petrum
1323 3962 1437 4030 Mross‚
1454 3959 1631 4022 Iohannem
1649 3959 1770 4039 Dlugy,

214 4066 381 4129 Abraham
406 4077 440 4129 et
457 4065 631 4130 Albertum
657 4069 698 4130 de
716 4065 943 4148 Chawloszy..
968 4067 1069 4128 verbo
1086 4069 1266 4148 proposuit.
1292 4069 1367 4148 quia
1384 4069 1487 4128 minus
1504 4069 1589 4129 iuste
1606 4088 1663 4148 per
1679 4069 1770 4146 ipsos

214 4175 398 4254 inculpatus
422 4185 474 4236 est
496 4174 538 4236 de
563 4174 737 4236 homicidio
762 4177 793 4235 in
811 4193 860 4244 eo,
885 4175 974 4253 quod
997 4183 1160 4253 prestaret
1184 4175 1360 4236 subsidium
1387 4173 1647 4236 interlectoribus
1671 4175 1770 4236 occisi

214 4279 321 4343 fratris
344 4283 487 4361 ipsorum
513 4281 554 4341 ad
571 4283 836 4362 sepulturamque
862 4280 1022 4342 interfecti
1047 4293 1079 4342 et
1104 4285 1135 4342 in
1154 4283 1269 4343 iudicio
1294 4280 1428 4344 seculari
1453 4297 1511 4342 seu
1535 4282 1678 4342 terrestri
1696 4301 1768 4361 pro·

214 4388 374 4450 clamatus
396 4401 430 4450 et
446 4388 647 4450 declamatas
671 4407 729 4468 per
745 4388 879 4449 eosdem
906 4408 964 4467 per
982 4389 1187 4466 mediumque
1211 4390 1356 4468 ipsorum
1382 4389 1422 4447 ad
1442 4388 1555 4448 librum
1581 4398 1768 4450 terrestrem

213 4493 540 4576 Vischegradiensem
564 4494 636 4556 talis
652 4494 851 4556 declamacio
875 4506 908 4556 et
926 4495 1144 4574 proclamacio
1161 4505 1213 4557 est
1237 4495 1399 4574 inscripta,
1423 4496 1513 4555 cuius
1537 4505 1646 4556 tamen
1671 4493 1771 4554 homi-

214 4601 288 4663 cidii
311 4601 415 4662 minus
439 4599 634 4680 culpabilem
667 4601 749 4690 dixit
772 4621 808 4662 se
832 4621 913 4674 esse,
946 4611 1064 4680 petens
1088 4602 1166 4682 ipsis
1189 4620 1286 4682 super
1310 4601 1373 4662 hoc
1398 4601 1565 4662 silencium
1589 4602 1712 4680 imponi
1737 4611 1770 4662 et

214 4709 274 4769 sibi
300 4708 532 4789 purgacionem
557 4708 745 4768 canonicam
771 4707 902 4768 decerni
926 4719 959 4769 et
983 4709 1087 4770 indici.
1123 4707 1177 4769 Ex
1200 4709 1338 4769 adverso
1363 4709 1518 4788 predictis
1543 4708 1703 4769 nobilibus
1728 4707 1771 4769 di·

213 4814 369 4892 centibus,
403 4814 490 4894 quod
514 4813 677 4895 presbiter
700 4813 845 4875 dedisset
870 4815 1076 4876 occasionem
1100 4816 1194 4875 morti
1221 4825 1254 4877 et
1277 4813 1498 4876 interseccioni
1528 4811 1634 4875 fratris
1657 4833 1770 4875 eorum

214 4933 247 4982 et
271 4921 359 5000 quod
391 4918 615 4982 interfectores
639 4939 735 4982 suasu
768 4931 801 4982 et
825 4922 981 4982 mandato
1012 4922 1112 5002 ipsius
1144 4921 1351 4982 homicidium
1378 4922 1498 4981 dictum
1532 4933 1772 4999 perpetrarent;

214 5030 287 5108 quia
311 5038 422 5090 tamen
445 5037 558 5089 contra
583 5028 688 5107 ipsum
714 5047 812 5108 agere
837 5028 1009 5089 noluerunt
1043 5049 1147 5110 neque
1172 5028 1212 5088 de
1237 5029 1305 5094 hiis.
1339 5049 1402 5109 que
1427 5029 1486 5089 sibi
1512 5028 1663 5100 obiciunt,
1696 5047 1771 5089 eun-

214 5133 286 5194 dem
312 5135 513 5202 convincere,
545 5133 628 5195 dnus
652 5133 756 5196 Rmus
781 5134 962 5213 presbitero
987 5135 1220 5214 purgacionem
1244 5136 1434 5197 canonicam
1459 5135 1574 5196 indixit
1605 5147 1638 5195 et
1663 5135 1771 5195 decre-

214 5242 267 5316 vit,
296 5260 395 5321 quam
421 5239 527 5301 iacere
551 5241 651 5302 debet
675 5239 754 5301 inira
779 5240 845 5304 XV
869 5243 937 5303 dies
966 5243 1194 5320 metseptimns
1223 5263 1283 5323 pro
1309 5244 1412 5322 prima
1439 5243 1596 5302 dilacione
1624 5259 1697 5316 curn
1725 5239 1769 5300 Vl

213 5347 519 5427 compurgatoribus
543 5350 589 5408 sui
617 5347 748 5416 ordinis,
781 5351 828 5408 cui
855 5349 1044 5429 purgacioni
1069 5350 1203 5429 predicti
1229 5350 1355 5410 nobiles
1380 5351 1536 5410 interesse
1561 5348 1711 5428 poterint,
1744 5348 1769 5407 si

213 5453 400 5530 volunt..¹).

221 5591 523 5602 -—=-0----.-.-——--.1--

324 5679 341 5739 ¹)
360 5677 499 5726 Nakauaua
522 5696 543 5728 w
562 5689 615 5744 tym
634 5680 706 5728 altcie
727 5683 859 5744 »purgatio
879 5683 1018 5730 canonica«
1040 5683 1133 5747 odbyla
1153 5684 1191 5746 sie
1210 5683 1313 5732 istotuie
1332 5684 1357 5732 d.
1380 5693 1393 5747 5
1414 5683 1479 5746 rrraja
1503 5680 1569 5744 1488
1589 5699 1610 5732 r.

318 5790 375 5830 aa.
390 5789 535 5832 ecunacum
549 5790 587 5831 ut.
1644 5787 1662 5840 8
