4392 6672
809 719 989 768 nuuouuu
1009 715 1194 771 uss—1490.
1735 719 1774 782 61

223 941 335 1000 trasse,
368 952 426 992 sua
451 932 535 993 Rma
559 931 635 992 Ptas
666 951 729 991 una
754 950 825 991 cum
860 929 993 1012 prefatis
1022 930 1094 992 duis
1118 930 1339 992 assessoribus
1370 930 1514 991 decrevit
1546 943 1580 994 et
1605 929 1777 1002 mandavit,

223 1040 375 1120 quatinus
406 1039 597 1101 beneficium
629 1057 721 1100 suum
746 1037 827 1099 infra
851 1037 879 1098 ΙΙ
904 1057 1034 1099 menses
1058 1046 1153 1099 extra
1176 1039 1332 1099 diocesim
1357 1035 1546 1099 Plocensem
1580 1046 1780 1118 permutaret

224 1145 284 1208 sub
309 1147 494 1226 privacione
519 1143 662 1205 eiusdem
689 1141 867 1206 beneficii..

437 1335 478 1397 A.
507 1337 600 1414 1489,
625 1335 818 1396 Decembris
843 1350 894 1413 24,
917 1337 949 1396 in
973 1337 1167 1398 consistorio
1191 1336 1422 1398 Polthoviensi.

334 1457 421 1524 llil.
453 1459 552 1540 (Acta
577 1459 659 1522 offic.
686 1459 734 1538 V).
769 1458 803 1520 In
836 1479 934 1520 causa
966 1460 1079 1521 honor.
1111 1459 1165 1520 dni
1189 1459 1318 1520 Martini
1350 1459 1392 1521 de
1416 1457 1624 1540 Smyegew0,
1657 1462 1779 1521 arcium

225 1567 401 1630 liberalium
427 1567 596 1628 baccalarii
623 1569 767 1628 canonici
794 1564 1039 1640 Polthoviensis
1065 1586 1137 1627 cum
1154 1567 1267 1628 honor.
1284 1565 1428 1628 Iohanne
1452 1565 1665 1649 Pyenyaszek
1687 1587 1782 1628 cauo·

226 1677 298 1737 nico
323 1673 553 1748 Polthoviensi‚
578 1673 664 1736 idem
691 1676 861 1754 proposuit
887 1693 1012 1752 proco,
1037 1674 1111 1752 quia
1135 1694 1178 1734 ex
1195 1692 1260 1754 quo
1284 1693 1357 1734 cum
1375 1692 1536 1734 consensu
1559 1673 1690 1753 capituli
1710 1675 1780 1752 ipse

225 1785 346 1864 recepit
370 1779 474 1844 villain
500 1782 621 1844 dictam
647 1779 845 1844 Comorowo
866 1781 897 1841 in
914 1782 1171 1860 prestimonium‚
1196 1800 1259 1859 qua
1283 1781 1353 1860 ipse
1377 1779 1540 1843 Iohannes
1563 1777 1778 1860 Pyenyaszek

224 1892 369 1970 privatus
394 1902 444 1950 est
469 1910 510 1950 ex
527 1888 716 1950 mandato.
740 1887 794 1948 dni
811 1887 898 1949 Petri
922 1889 1067 1967 episcopi
1093 1887 1258 1948 Plocensis
1275 1899 1425 1968 tempore
1449 1887 1592 1950 sinodi
1617 1884 1780 1947 celebrate

226 2017 266 2058 ex
281 1997 378 2058 certis
395 1997 509 2071 causis,
527 2015 608 2076 quas
624 1997 695 2075 ipse
711 1995 794 2056 dnus
812 1993 997 2076 Episcopus
1013 1997 1145 2073 recepit,
1171 2003 1238 2056 turn
1257 1995 1359 2056 eciam
1378 2015 1436 2076 per
1452 1995 1627 2075 capitulum
1645 2005 1781 2073 propter

225 2101 485 2165 destruccionem
510 2103 638 2183 prefate
662 2102 736 2164 ville
769 2111 802 2163 et
826 2103 1022 2164 deteriorem
1052 2102 1285 2176 condicionem,
1319 2102 1395 2163 dum
1420 2103 1491 2182 ipsc
1516 2102 1598 2163 dnus
1621 2101 1781 2164 Martinus

225 2209 302 2273 fecit
335 2209 483 2272 laborare
515 2210 720 2272 emetonibus
752 2209 880 2271 labores
912 2208 1045 2271 diurnos
1067 2210 1159 2270 iuxta
1182 2209 1450 2270 consuetudinem
1475 2220 1571 2280 terre,
1602 2209 1674 2288 ipse
1697 2207 1781 2269 dnus

224 2314 385 2378 lohannes
408 2317 536 2379 labores
561 2318 692 2378 diurnos
716 2316 822 2378 eidem
848 2317 1014 2396 usurpavit
1038 2325 1071 2376 et
1087 2316 1118 2376 in
1135 2335 1228 2377 usum
1246 2335 1338 2376 suum
1356 2318 1525 2390 convertit,
1550 2335 1672 2396 cogens
1697 2333 1780 2375 eme·

224 2421 345 2485 thones
368 2424 408 2484 ad
426 2422 672 2485 conducendum
700 2423 787 2502 ligna
812 2423 872 2484 sibi
889 2423 981 2484 etad
998 2421 1221 2494 triturandum,
1246 2425 1413 2500 usurpavit
1437 2424 1506 2484 dies
1529 2419 1643 2483 XXXI
1666 2440 1687 2482 a
1701 2431 1780 2482 tem·

224 2549 304 2610 pore
330 2533 486 2610 opcionis,
516 2528 702 2592 distrahens
733 2529 929 2592 kmethones
958 2529 1000 2590 ab
1024 2528 1217 2591 obediencia
1242 2528 1358 2608 prefati
1382 2530 1436 2590 dni
1461 2529 1590 2590 Martini
1623 2530 1654 2590 in
1680 2527 1780 2608 preiu·

224 2637 341 2698 dicium
365 2637 475 2718 ipsius,
499 2647 616 2717 petens
640 2635 790 2717 compelli
815 2636 856 2698 ad
873 2636 1065 2698 solvendum
1090 2656 1240 2716 grossum
1266 2657 1326 2716 pro
1343 2633 1486 2716 qualibet
1510 2636 1563 2698 die
1587 2646 1620 2698 et
1644 2634 1687 2696 ad
1707 2653 1782 2714 pro·

224 2742 400 2805 hibendum
425 2745 532 2824 ipsum
557 2744 599 2805 ab
623 2741 766 2804 ulteriori
791 2753 998 2804 nocumento.
1037 2741 1230 2804 Exadverso
1263 2740 1408 2823 prefatus
1431 2741 1594 2804 lohannes
1617 2743 1780 2822 negavit..

389 2981 392 2988 .
440 2933 481 2996 A.
512 2949 603 3013 1490.
629 2933 704 2994 Maii
734 2935 780 3004 18,
805 2934 836 2994 in
861 2933 1029 2996 Poltowsk
1052 2937 1085 2996 in
1109 2936 1197 2996 curia
1221 2932 1408 3014 episcopali.

340 3053 426 3122 16⁶2.
451 3056 551 3138 (Acta
574 3058 672 3137 episc.
697 3057 758 3140 ΙΙΙ).
783 3057 819 3118 ln
836 3077 935 3120 causa
959 3057 1097 3121 honeste
1122 3058 1291 3121 Dorothee
1315 3057 1378 3120 filie
1400 3056 1552 3120 aurifabri
1576 3057 1617 3119 de
1642 3056 1781 3121 Czecho

225 3187 299 3228 now
321 3165 436 3228 honor.
461 3164 601 3227 Mathias
627 3165 787 3243 presbiter
811 3167 898 3226 curie
925 3177 1149 3246 procurator..
1174 3167 1278 3228 verbo
1301 3166 1481 3248 proposuit,
1505 3163 1595 3248 quod
1614 3165 1690 3227 dum
1715 3168 1780 3245 qui-

225 3274 299 3335 dam
334 3283 548 3334 mercator
580 3293 650 3333 seu
683 3273 889 3334 venditor
921 3273 1128 3335 librorum
1161 3272 1347 3353 hospitatus
1372 3284 1460 3336 esset
1491 3274 1523 3333 in
1547 3273 1649 3334 domo
1681 3273 1781 3352 patris

227 3379 373 3460 predicte
397 3379 567 3442 Dorothee
591 3381 621 3440 in
648 3377 853 3444 Czechonow
878 3391 912 3442 et
936 3399 1000 3442 non
1018 3381 1117 3442 valuit
1141 3401 1202 3442 nec
1226 3381 1347 3454 habuit,
1373 3401 1439 3461 quo
1463 3379 1591 3443 solvere
1616 3400 1781 3460 expensas

226 3507 282 3547 seu
307 3487 509 3566 provisiones
533 3489 564 3547 in
590 3487 737 3567 predicto
762 3487 910 3568 hospicio
943 3507 1001 3566 per
1024 3489 1129 3568 ipsum
1154 3497 1376 3567 consumptas,
1408 3487 1467 3548 sed
1491 3487 1624 3548 tandem
1648 3489 1781 3549 vendito

226 3593 307 3654 libro
331 3593 474 3674 quodam
498 3613 591 3674 mgro
617 3592 737 3654 Iacobo
761 3591 802 3654 de
827 3590 1035 3656 Gosthkowo
1059 3595 1220 3656 ordinavit
1249 3597 1354 3674 ipsum
1379 3593 1570 3676 magistrum
1604 3615 1663 3673 pro
1687 3593 1781 3657 dictis

227 3700 380 3780 expensis
405 3719 462 3760 seu
479 3700 718 3780 provisionibus
742 3699 873 3762 solvere
897 3701 958 3779 ipsi
982 3699 1152 3763 Dorothee
1176 3698 1326 3763 videlicet
1351 3701 1491 3762 mediam
1514 3720 1716 3783 sexagenam
1734 3721 1781 3781 gr.

227 3808 256 3867 in
280 3804 395 3868 mediis
420 3826 466 3887 gr.
498 3807 539 3867 ad
563 3807 726 3868 racionem
764 3809 974 3887 pecuniarum
1006 3827 1136 3869 suarum
1171 3828 1232 3888 pro
1264 3807 1352 3870 dicto
1385 3807 1465 3869 libro
1498 3808 1692 3883 debitarum;
1727 3808 1781 3888 qui

227 3933 304 3994 mgr.
329 3913 468 3976 Iacobus
499 3914 530 3972 in
556 3913 657 3976 domo
681 3913 782 3994 ipsius
805 3913 976 3976 Dorothee
1008 3915 1108 3994 patris
1140 3917 1228 3977 etin
1254 3915 1421 3994 presencia
1454 3913 1613 3978 bonorum
1638 3916 1779 3977 virorum

227 4042 286 4102 pro
318 4019 406 4083 dicto
439 4029 620 4082 mercatore
652 4031 684 4080 et
709 4021 830 4083 dictum
864 4021 1008 4084 debitum
1044 4019 1195 4084 videlicet
1222 4019 1262 4106 Ὗς
1286 4041 1521 4101 sexagenam..
1552 4021 1592 4081 ad
1617 4021 1780 4083 racionem

228 4129 433 4208 pecuniarum
466 4149 526 4209 pro
551 4127 632 4190 libro
656 4128 813 4208 predicto,
850 4148 945 4208 quem
972 4129 1058 4198 emit,
1094 4130 1220 4190 solvere
1253 4129 1339 4192 dicte
1371 4127 1542 4190 Dorothee
1574 4127 1724 4208 promisit
1747 4137 1781 4188 et

227 4235 433 4315 usquemodo
458 4255 522 4294 non
548 4235 645 4296 solvit
671 4255 729 4297 nec
746 4233 874 4296 solvere
898 4244 998 4310 curat,
1023 4243 1140 4316 petens
1164 4238 1268 4316 ipsum
1294 4236 1336 4297 ad
1353 4233 1553 4296 solucionem
1578 4235 1655 4296 dicti
1679 4234 1779 4296 debiti

226 4344 297 4423 cogi
323 4353 356 4405 et
379 4342 563 4423 compelli..

440 4535 482 4597 A.
512 4551 602 4615 1490,
627 4534 782 4598 Octobris
807 4533 836 4610 6,
859 4537 892 4597 in
916 4535 1055 4617 lunyeez
1078 4539 1110 4598 in
1133 4537 1221 4598 curia
1245 4536 1433 4618 episcopali.

336 4655 423 4724 163.
448 4659 546 4739 (Acta
570 4661 669 4740 episc.
694 4659 781 4738 ΙΙΙ)..
806 4659 917 4722 Adam
942 4660 982 4722 de
1007 4659 1200 4722 Radzimino
1223 4672 1317 4742 pater
1334 4661 1476 4723 lacobi..
1503 4659 1645 4744 ple[bani
1669 4663 1700 4722 in
1718 4660 1776 4722 Ra

225 4764 379 4849 dzimino]
410 4767 574 4828 accusavit
599 4765 787 4828 iudicialiter
819 4766 978 4846 prefatum
1011 4767 1195 4848 plebanum,
1228 4769 1394 4848 quomodo
1427 4765 1496 4848 ipse
1521 4767 1680 4849 plebanus
1691 4816 1780 4828 ......

226 4893 323 4935 ausus
346 4884 396 4935 est
421 4874 603 4935 conviciare
634 4883 667 4935 et
691 4873 857 4934 diffamare
889 4874 988 4936 dnum
1012 4873 1214 4955 Episcopum
1248 4894 1356 4936 coram
1390 4876 1488 4938 certis
1513 4871 1720 4960 [bominibus]
1745 4895 1780 4935 se

225 4983 256 5042 in
281 4979 343 5042 hoc
368 4981 507 5060 turpiter
530 4980 689 5054 iactando,
715 4981 827 5042 dicens
850 4980 910 5042 hec
933 4981 1032 5042 verba
1056 4981 1155 5043 ethis
1179 4980 1293 5044 similia
1303 5031 1380 5043 .....
1405 4991 1438 5044 et
1456 4983 1560 5063 ipsum
1580 4984 1780 5056 circumveni,

226 5087 300 5167 quia
325 5087 554 5148 mandaveram
581 5085 699 5148 focarie
723 5105 804 5157 mee,
828 5097 864 5150 ut
887 5109 940 5148 me
966 5137 1038 5150 .....
1063 5097 1096 5150 et
1122 5098 1250 5168 peteret
1274 5088 1334 5150 sibi
1358 5107 1467 5150 coram
1493 5109 1533 5150 eo
1550 5087 1677 5150 solvere
1703 5087 1781 5150 sala·

227 5195 305 5254 rium
330 5195 431 5275 precii
456 5213 515 5274 pro
540 5214 600 5255 suo
624 5195 761 5256 servicio
772 5243 863 5256 ......
887 5193 930 5256 Et
946 5194 1079 5257 tandem
1097 5215 1150 5257 me
1166 5197 1267 5256 citato
1285 5196 1400 5275 petivit
1423 5195 1613 5257 iudicialiter
1630 5194 1779 5256 salarium

228 5301 418 5378 predictum,
451 5310 484 5361 et
494 5349 583 5362 ......
607 5303 751 5364 nondum
777 5301 877 5362 finivit
901 5303 1070 5364 servicium
1095 5322 1187 5363 suum
1214 5316 1246 5364 et
1271 5303 1378 5364 distuli
1403 5303 1540 5364 solvere.
1581 5301 1624 5362 Et
1647 5303 1779 5364 tandem

226 5411 295 5489 ipse
327 5408 511 5489 Episcopus
543 5409 708 5470 mandavit
741 5404 892 5493 [solvere]
928 5409 1096 5470 servicium
1130 5429 1222 5470 suum
1255 5421 1288 5469 et
1312 5429 1451 5477 manere.
1488 5410 1562 5470 licet
1586 5427 1658 5470 eam
1683 5408 1780 5470 michi

226 5515 364 5577 evadere
396 5515 428 5574 in
453 5515 569 5576 sinodo
601 5511 780 5600 mandlavit
804 5513 875 5595 sub]
908 5517 1001 5595 penis
1025 5519 1131 5577 certis.
1171 5516 1215 5578 Et
1239 5515 1322 5577 ultra
1345 5515 1407 5577 hec
1431 5515 1629 5578 diffamando
1661 5515 1780 5577 ibidem

225 5621 325 5684 dnum
358 5621 559 5702 Episcopum
585 5622 732 5684 dixit...
759 5643 822 5702 ego
846 5621 953 5684 habeo
979 5625 1143 5684 racionem
1176 5625 1206 5683 in
1232 5621 1320 5684 calce
1345 5624 1438 5703 pedis
1462 5624 1534 5692 mei,
1568 5641 1663 5703 quam
1688 5621 1779 5702 Epis·

224 5749 347 5811 scopus
371 5730 401 5790 in
428 5731 543 5810 capite,
568 5751 640 5790 cum
667 5726 796 5814 [ipsum]
823 5730 929 5792 taliter
953 5733 1157 5792 circumveni.
1181 5729 1224 5792 Et
1248 5730 1332 5792 dnus
1357 5731 1460 5792 Rmus
1484 5730 1602 5792 auditis
1626 5728 1781 5810 predictis
