4392 6672
813 681 991 731 auuouun
1011 679 1195 734 usa-1465.
1737 703 1776 764 19

226 773 414 780 m*-
475 773 483 778 .
545 773 736 778 .......-..-.....-
767 773 1222 780 —m-.-..—....-....-.--.-
1261 775 1282 780 --
1316 775 1331 779 -
1356 775 1481 782 ..u-..qq-

224 906 258 956 et
273 893 356 955 dnus
379 893 520 956 decanus
544 892 701 974 partibus
725 913 768 954 ex
785 913 850 973 quo
873 902 949 954 sunt
972 891 1013 954 de
1030 895 1224 974 propinquo,
1249 893 1482 972 appellacionis
1506 895 1678 957 terminum
1699 897 1777 958 limi·

225 1003 305 1062 tavit
329 1001 370 1062 ad
394 999 407 1060 Ι
432 1019 586 1062 mensem.
611 1000 654 1062 Et
677 1000 799 1062 ibidem
823 998 908 1061 dicte
932 1010 1044 1080 partes
1068 1000 1260 1062 recedentes
1284 1001 1326 1062 ab
1343 1002 1476 1062 accione
1500 1011 1534 1063 et
1550 1003 1777 1082 appellacione

224 1107 548 1188 compromiserunt..
580 1108 612 1168 in
636 1108 734 1167 dnum
767 1106 923 1168 decanum
956 1117 989 1169 et
1013 1107 1112 1168 dnum
1137 1106 1304 1170 Andream
1340 1105 1553 1191 Skarzinsky;
1589 1111 1775 1190 quiquidem

224 1215 377 1276 domini..
402 1217 686 1276 sentenciaverunt
709 1213 770 1275 sub
787 1233 872 1294 pena
889 1212 951 1274 XL
966 1211 1032 1274 lior.
1051 1213 1194 1294 Hungar.
1218 1215 1430 1276 medietatem
1449 1235 1509 1294 pro
1525 1215 1591 1277 dno
1609 1217 1776 1296 Episcopo

224 1333 257 1384 et
281 1321 491 1383 medietatem
517 1341 577 1400 pro
602 1331 693 1400 parte
718 1321 851 1396 tenenti,
875 1320 963 1400 quod
988 1320 1093 1382 dictus
1118 1319 1278 1382 lohannes
1302 1321 1392 1382 dabit
1418 1321 1544 1402 prefate
1569 1322 1776 1404 Margarethe

225 1449 285 1510 pro
309 1429 464 1508 expensis
488 1437 521 1488 et
545 1426 652 1506 satigis
677 1427 816 1488 mediam
842 1446 1041 1508 sexagenam
1067 1428 1097 1486 in
1123 1429 1266 1489 crastino
1291 1426 1446 1507 Corporis
1471 1427 1590 1491 Christi
1615 1429 1668 1492 hic
1693 1433 1777 1491 circa

225 1548 307 1598 acta.
331 1534 373 1595 Et
391 1535 511 1596 ibidem
528 1555 564 1596 se
582 1534 623 1596 ab
640 1535 775 1595 invicem
801 1534 842 1595 de
859 1531 1066 1613 sponsalibus
1091 1536 1289 1596 remiserunt.
1315 1534 1357 1596 Et
1378 1535 1461 1596 dnus
1485 1536 1625 1598 decanus
1650 1539 1777 1616 utrique

224 1643 314 1706 dedit
339 1641 504 1704 licenciam
529 1642 570 1704 ad
595 1643 656 1730 alia
679 1649 758 1704 vota
782 1640 983 1702 convolandi.

437 1835 480 1898 A.
510 1835 601 1914 1465,
626 1835 706 1896 lunii
734 1850 781 1906 10,
806 1836 838 1895 in
863 1833 1076 1898 Wischkowo
1100 1838 1131 1896 in
1157 1836 1244 1896 curia
1269 1837 1455 1917 episcopali.

332 1957 392 2025 50.
417 1959 516 2041 (Acta
540 1962 638 2038 episc.
663 1958 718 2041 l)..
754 1960 787 2019 ln
813 1958 1027 2022 Wischlcowo
1051 1962 1082 2020 in
1108 1961 1193 2020 curia
1218 1961 1395 2040 episcopali
1424 1972 1456 2022 et
1481 1961 1511 2020 in
1535 1964 1682 2023 sessione
1706 1966 1778 2024 esti·

223 2068 286 2128 vali
303 2067 421 2128 ibidem
447 2065 563 2129 facta..
587 2068 618 2127 in
637 2068 804 2146 presencia
828 2066 938 2129 Rmi..
963 2067 1016 2128 dni
1033 2065 1175 2148 suborti,
1200 2068 1346 2148 episcopi
1363 2067 1537 2141 Plocensis,
1563 2071 1778 2148 personaliter

223 2176 418 2236 constitutus
441 2193 550 2236 vener.
574 2194 612 2234 ac
637 2173 805 2254 religiosus
829 2173 911 2236 dnus
936 2175 1059 2246 Petrus,
1084 2175 1186 2236 abbas
1212 2176 1399 2236 monasterii
1424 2195 1447 2236 s.
1474 2175 1644 2236 Adalberti
1671 2179 1701 2236 in
1728 2197 1777 2239 ca·

223 2292 291 2343 stro
316 2280 461 2344 Plocensi
487 2283 607 2344 ordinis
631 2301 656 2342 s.
680 2280 879 2342 Benedicti..
904 2291 1030 2344 matura
1060 2303 1157 2360 super
1180 2282 1243 2343 hoc
1267 2281 1506 2343 deliberacione
1532 2282 1699 2362 prehabita
1725 2285 1777 2345 ab·

223 2389 348 2450 baciam
381 2408 472 2450 suam
504 2388 692 2450 monasterii
728 2409 752 2450 s.
776 2386 950 2449 Adalberti
981 2389 1012 2448 in
1036 2398 1145 2450 castro
1176 2386 1324 2448 Plocensi
1357 2389 1537 2468 predictam
1571 2391 1602 2450 in
1627 2391 1776 2452 manibus

223 2497 298 2558 dicti
323 2495 398 2556 Ruri
423 2497 525 2575 patris
549 2497 734 2577 resignavit,
759 2495 870 2556 dicens
898 2494 959 2556 hec
984 2495 1084 2558 verba
1116 2498 1147 2556 in
1172 2493 1301 2556 effectu:
1337 2496 1421 2556 llme
1446 2508 1547 2576 pater,
1572 2497 1601 2556 in
1628 2497 1776 2559 manibus

223 2603 290 2664 Ptis
314 2602 353 2663 V.
379 2623 442 2683 ego
467 2603 597 2684 resigno
621 2602 791 2664 abbaciam
817 2603 1004 2664 monasterii
1029 2623 1052 2664 s.
1073 2602 1243 2664 Adalberti
1270 2605 1300 2664 in
1326 2613 1435 2663 castro
1461 2603 1616 2674 Plocensi,
1642 2603 1775 2666 fratrum

223 2711 343 2772 ordinis
374 2729 397 2772 s.
423 2709 608 2783 Benedicti,
640 2729 736 2789 quam
770 2711 1022 2792 resignationem
1057 2721 1137 2790 peto
1161 2711 1260 2789 recipi
1293 2719 1326 2771 et
1350 2710 1485 2772 admitti.
1526 2709 1674 2772 Prelatus
1699 2731 1777 2773 vero

223 2817 326 2878 Rmus
351 2829 444 2896 pater
468 2817 551 2879 dnus
568 2819 743 2897 episcopus
766 2815 807 2878 ad
827 2817 1020 2894 peticionem
1046 2817 1179 2897 ipsius..
1204 2818 1328 2894 recepit
1350 2825 1383 2880 et
1400 2817 1528 2878 admisit
1547 2817 1777 2898 respondendo

222 2926 253 2986 in
277 2923 337 2986 hec
362 2923 473 2985 verba:
498 2922 569 2984 Nos
593 2923 676 2984 hanc
700 2925 957 3004 resignacionem
982 2925 1157 3003 recipimus
1181 2933 1214 2984 et
1239 2924 1449 2986 admittimus,
1473 2923 1516 2986 Et
1541 2927 1571 2984 in
1596 2925 1775 2988 continenti

223 3031 335 3093 honor.
368 3041 400 3093 et
430 3031 599 3111 religiosus
630 3029 729 3092 irater
753 3030 889 3092 lacobus
921 3033 962 3092 de
987 3029 1207 3110 Lasycznylcy
1240 3031 1317 3091 dicti
1348 3031 1539 3092 monasterii
1563 3053 1586 3092 s.
1605 3031 1777 3094 Adalberti

223 3138 388 3219 professus
412 3159 455 3199 ex
479 3137 635 3199 mandato
659 3147 841 3200 conventus
865 3138 1004 3218 predicti
1027 3156 1124 3198 manu
1149 3137 1376 3216 circumspecti
1400 3134 1552 3198 Stanislai
1576 3137 1617 3198 de
1642 3137 1776 3218 Cawye·

222 3246 312 3306 czino
336 3245 443 3306 clerici
459 3243 625 3306 Plocensis
650 3243 789 3306 diocesis
813 3245 933 3325 publici
958 3243 1115 3323 imperiali
1139 3244 1331 3306 auctoritate
1356 3246 1472 3305 notarii
1490 3246 1646 3323 scripto.
1672 3245 1778 3307 sufful-

223 3363 283 3424 tus,
306 3353 435 3414 nomine
460 3363 640 3414 conventus
665 3350 838 3433 supradicti
866 3354 1067 3433 presentavit
1092 3350 1222 3412 fratrem
1248 3349 1443 3412 Stanislaum
1462 3348 1636 3432 Clonycza,
1660 3373 1778 3433 prepo-

222 3460 317 3520 situm
333 3459 366 3518 in
384 3457 704 3538 Wischemyerzicze,
730 3459 840 3520 dicens
857 3479 931 3520 eum
948 3460 989 3519 ad
1006 3457 1175 3519 abbaciam
1192 3457 1373 3537 predictam
1391 3478 1449 3536 per
1465 3457 1581 3520 fratres
1597 3469 1777 3522 conventus

222 3566 364 3627 eiusdem
389 3567 578 3626 monasterii
603 3566 760 3626 canonice
785 3563 932 3637 electum,
964 3565 1143 3626 accedente
1167 3566 1270 3626 eciam
1294 3565 1334 3625 ad
1359 3565 1391 3626 id
1416 3564 1469 3626 dni
1494 3567 1584 3628 ducis
1608 3565 1776 3628 voluntate

222 3680 255 3734 et
278 3691 448 3745 consensu,
473 3679 590 3752 petens
614 3691 686 3732 eum
712 3669 753 3732 de
777 3671 863 3733 dicta
887 3671 1022 3733 abbacia
1046 3670 1169 3732 institui
1193 3681 1226 3732 et
1251 3671 1402 3733 investiri.
1428 3670 1470 3732 Et
1495 3671 1578 3734 dnus
1601 3673 1777 3752 episcopus

222 3778 280 3841 hiis
305 3779 469 3842 exauditis
500 3789 702 3859 protestatus
726 3788 777 3841 est
808 3790 923 3841 contra
954 3777 1070 3840 fratres
1103 3777 1180 3841 dicti
1204 3779 1401 3852 monasterii,
1434 3779 1522 3859 quod
1554 3781 1623 3842 ausi
1648 3779 1776 3843 suerunt

222 3885 262 3947 de
285 3885 445 3948 beneficio
471 3905 534 3947 non
552 3888 679 3946 vacanti
704 3885 911 3958 eleccionem,
936 3887 962 3948 si
979 3886 1041 3946 dici
1058 3893 1209 3955 meretur,
1234 3893 1439 3966 attemptare,
1465 3895 1563 3973 prout
1588 3897 1620 3948 et
1637 3895 1775 3968 attemp-

222 4003 372 4054 taverunt
396 4003 509 4054 contra
532 3993 609 4054 iuris
634 3992 779 4060 sormam,
809 3993 985 4074 prepositis
1009 3993 1078 4054 aliis
1110 4003 1142 4053 et
1168 3991 1319 4053 iratribus
1351 3995 1382 4052 in
1406 4012 1519 4054 eorum
1543 3992 1632 4054 cellis
1657 3993 1774 4075 degen-

222 4101 307 4162 tibus
332 4119 397 4161 non
421 4100 554 4168 vocatis,
580 4101 758 4178 quinimmo
782 4100 989 4179 contemptis,
1014 4109 1048 4160 et
1072 4097 1160 4180 quod
1185 4097 1354 4178 elegerunt
1380 4118 1553 4178 personam
1579 4102 1684 4160 minns
1709 4099 1776 4161 ido·

221 4226 324 4275 neam,
358 4227 421 4285 que
446 4225 505 4286 per
529 4207 682 4268 abbatem
714 4207 896 4288 predictum
921 4209 1048 4268 noviter
1072 4216 1122 4268 est
1146 4206 1320 4287 inculpata.
1354 4205 1446 4266 Dnus
1470 4207 1567 4286 igitur
1591 4205 1775 4286 Episcopus

221 4333 264 4375 ex
287 4315 392 4375 causis
416 4314 600 4394 legitimis..
625 4316 702 4377 dicti
727 4313 879 4377 Stanislai
903 4311 1025 4376 distulit
1050 4313 1325 4375 institucionem..

434 4505 475 4568 A.
505 4507 597 4586 1465,
622 4507 690 4568 Iulii
721 4524 767 4580 10,
792 4509 822 4569 in
847 4517 956 4570 castro
980 4505 1210 4568 Polthoviensi.

329 4627 392 4695 51.
417 4629 514 4712 (Acta
532 4634 629 4712 episc.
648 4632 703 4712 l)..
729 4633 853 4695 llonor.
870 4641 903 4694 et
920 4630 1061 4710 religiosi
1087 4631 1143 4692 vin‘
1161 4629 1311 4701 Mathias,
1336 4631 1523 4710 prepositus
1540 4630 1581 4690 de
1597 4629 1773 4711 Zambslry,

221 4738 382 4799 lohannes
406 4738 447 4800 de
473 4737 659 4821 Gostynino
691 4751 723 4801 et
749 4739 886 4800 lacobus
918 4739 959 4800 de
984 4737 1206 4817 Lasycznylcy
1233 4736 1382 4798 monachi
1407 4739 1595 4798 monasterii
1627 4757 1651 4798 s
1676 4739 1775 4800 Adai·

220 4844 303 4906 berti
338 4845 368 4905 in
394 4855 501 4907 castro
526 4845 674 4906 Plocensi
706 4865 843 4908 unacum
868 4865 976 4906 vener.
1001 4842 1099 4906 fratre
1124 4845 1189 4904 dno
1213 4841 1349 4904 Andrea
1373 4843 1477 4905 electo
1506 4843 1683 4923 ipsorum..
1709 4845 1774 4906 dno

220 4951 371 5026 Stiborio,
396 4953 555 5032 episcopo
578 4951 734 5023 Plocensi,
769 4954 935 5015 decretum
961 4951 1129 5012 electionis
1162 4952 1306 5030 ipsorum
1331 4950 1437 5030 sigillo
1462 4960 1642 5036 conventus
1667 4971 1773 5011 mona·

222 5059 308 5119 sterii
333 5058 469 5138 predicti
494 5059 791 5138 subscripcionibus
816 5057 952 5120 duorum
978 5060 1176 5118 notariorum
1202 5058 1404 5138 publicorum
1439 5057 1626 5118 roboratum
1651 5057 1775 5119 obtule-

221 5176 294 5225 runt
318 5165 428 5226 debita
453 5185 524 5224 cum
550 5167 716 5236 instancia,
742 5175 894 5247 petentes
918 5164 1010 5226 Ptem
1034 5185 1135 5236 suam,
1160 5173 1195 5224 ut
1212 5165 1393 5226 huiusmodi
1418 5163 1615 5224 eleccionem
1640 5165 1681 5224 de
1704 5185 1773 5244 per·

221 5291 300 5332 sona
324 5272 442 5333 idonea
466 5275 622 5333 canonice
647 5272 765 5334 laetam
782 5271 982 5343 confirmare,
1007 5270 1164 5332 ratificare
1188 5281 1221 5332 et
1238 5271 1454 5351 approbare..
1480 5273 1674 5352 dignaretur,
1699 5272 1774 5332 ofse-

221 5389 329 5442 rentes
353 5399 547 5440 consensum
572 5379 653 5438 lllmi
680 5380 833 5460 principis
858 5380 911 5441 dni
936 5378 1078 5440 Conradi
1105 5379 1144 5439 D.
1161 5399 1190 5458 g.
1215 5377 1306 5440 ducis
1331 5379 1478 5439 llllazovie
1504 5378 1686 5458 llussieque
1712 5391 1771 5440 etc.

222 5487 366 5548 eiusdem
391 5487 578 5546 monasterii
604 5488 730 5564 patroni
757 5505 854 5566 super
878 5485 942 5547 hoc
959 5507 1017 5566 per
1041 5487 1131 5565 ipsos
1149 5486 1355 5546 obtentum..
1382 5485 1473 5545 Dnus
1492 5505 1569 5544 vero
1587 5486 1772 5564 Episcopus

221 5593 315 5654 dictis
339 5593 472 5655 decreto
496 5593 669 5654 eleccionis
694 5605 726 5656 et
743 5613 903 5654 consensu
930 5595 1078 5674 receptis,
1110 5595 1217 5653 citatis
1241 5595 1337 5654 certis
1362 5593 1509 5667 testibus,
1534 5591 1684 5653 videlicet
1708 5593 1773 5653 dno

223 5699 320 5762 Petro
343 5699 445 5770 Luba,
470 5703 627 5762 canonico
652 5700 808 5770 Plocensi,
832 5709 866 5762 et
883 5701 979 5761 Petro
1005 5699 1146 5780 plebano
1170 5701 1200 5759 in
1228 5698 1479 5777 l'omnychowo,
1505 5699 1567 5760 sub
1593 5701 1773 5760 iuramento
