4458 6674
430 665 489 726 142
896 649 989 698 ACTA
1007 649 1133 699 IUDlCll
1152 649 1288 698 ECCLES.
1309 651 1495 700 PLocENs1s

740 739 978 746 ——--——-
996 739 1320 746 —2---——..-—-—
1342 742 1352 746 -
1366 742 1398 746 —
1412 741 1515 746 ——-
1910 741 1971 748 ...-

425 861 542 932 dicens,
576 880 648 920 nam
675 861 836 922 serviebat
860 861 955 922 matri
988 868 1022 922 ut
1046 881 1143 940 supra
1167 861 1221 922 dni
1246 859 1400 940 Krupski.
1436 861 1633 941 Requisitus,
1664 863 1705 922 de
1731 882 1795 942 qua
1819 862 1918 924 domo
1943 871 1976 924 et

425 969 541 1045 quibus
565 969 754 1046 parentibus
778 978 848 1028 erat
873 977 976 1029 mater
1000 967 1053 1028 dni
1079 967 1233 1048 Krupslri,
1266 967 1363 1028 Anna
1388 970 1525 1038 nomine,
1558 969 1648 1036 dixit,
1677 969 1764 1048 quod
1789 966 1852 1030 filia
1875 971 1976 1030 cuius·

425 1073 499 1134 dam
526 1073 651 1135 Radwil
676 1073 840 1142 lithuani,
875 1095 971 1152 quem
997 1087 1105 1135 tamen
1138 1077 1232 1136 testis
1264 1095 1329 1135 non
1355 1077 1456 1142 novit,
1489 1077 1546 1136 sed
1571 1095 1761 1156 germanum
1786 1079 1855 1136 eius
1878 1075 1974 1136 bene:

424 1179 554 1242 Petrum
578 1177 750 1249 Schostak,
775 1184 823 1240 cui
843 1183 945 1242 eciam
971 1181 1132 1243 serviebat
1150 1202 1168 1242 a
1186 1202 1300 1260 puero;
1326 1183 1402 1242 item
1421 1184 1589 1262 respondit
1606 1181 1747 1256 tandem,
1772 1183 1860 1262 quod
1877 1184 1975 1250 novit,

424 1299 588 1367 utsupra,
623 1297 757 1348 matrem
790 1287 845 1348 dni
868 1286 1113 1367 Zabrzesinslry,
1145 1290 1234 1348 cuius
1259 1307 1376 1350 nomen
1410 1291 1511 1348 eciam
1537 1289 1617 1350 dixit
1642 1289 1753 1362 Anna,
1786 1309 1848 1368 que
1872 1288 1975 1350 iuerat

425 1392 486 1454 filia
509 1397 602 1455 unica
634 1396 798 1455 cuiusdam
831 1395 993 1469 Nassuch,
1030 1399 1082 1473 qui
1115 1406 1260 1456 mortuus
1284 1406 1335 1456 est
1367 1397 1397 1455 in
1424 1392 1567 1464 Groduo,
1601 1398 1686 1456 circa
1717 1397 1806 1456 cuius
1837 1405 1974 1458 mortem

424 1501 516 1562 testis
542 1521 676 1580 presens
700 1504 863 1568 intererat,
894 1522 1029 1563 uxorem
1054 1502 1198 1562 eiusdem
1223 1499 1369 1562 Nassucb
1403 1522 1465 1562 nou
1491 1503 1590 1576 novit,
1621 1504 1677 1563 sed
1702 1503 1824 1564 audivit
1847 1523 1866 1564 a
1889 1502 1976 1564 dicta

424 1609 555 1668 domina
579 1628 637 1670 sua
661 1606 823 1688 Krupska,
857 1629 921 1687 quo
954 1609 994 1668 illi
1020 1607 1122 1670 luerat
1156 1609 1254 1668 amita
1287 1629 1451 1688 germana,
1487 1628 1550 1688 que
1582 1618 1615 1669 et
1640 1610 1749 1686 sepius
1780 1609 1918 1670 vocabat
1942 1618 1975 1671 et

425 1735 483 1793 pro
507 1715 561 1776 tali
585 1715 727 1776 habebat
753 1724 888 1776 matrem
915 1717 969 1776 dni
990 1715 1211 1776 Zabrzezinslri
1238 1735 1383 1776 sororem
1408 1715 1571 1776 amitivam
1597 1734 1794 1793 germanam,
1819 1726 1975 1796 utsupra,

425 1821 663 1900 mittebantque
688 1824 797 1902 sepius
814 1823 897 1884 inter
913 1817 953 1882 se'
966 1823 1115 1884 hincinde
1137 1823 1335 1884 munuscula.
1360 1821 1546 1902 Requisitus
1571 1824 1712 1896 tandem,
1736 1842 1778 1884 an
1794 1825 1975 1884 successive

423 1932 506 1988 inter
523 1927 663 1988 Felicem
692 1928 834 2008 Krupslri
859 1939 892 1990 et
909 1928 1098 1990 modernum
1124 1929 1300 1990 Iohannem
1326 1929 1551 1990 Zabrzesinslri
1575 1927 1695 1990 audivit
1719 1929 1860 2010 aliquam
1878 1931 1976 1990 nomi·

423 2037 590 2098 nacionem
626 2037 675 2096 vel
700 2038 792 2116 signa
818 2037 960 2098 amicicie
991 2057 1048 2098 seu
1073 2038 1371 2116 consanguinitatis
1407 2037 1584 2116 respondit,
1621 2039 1708 2114 quod
1741 2057 1813 2108 non,
1846 2055 1974 2098 causam

423 2143 561 2202 sciencie
585 2143 705 2212 dicens,
739 2145 812 2222 quia
838 2143 941 2203 adhuc
974 2144 1051 2221 ipsis
1076 2145 1183 2222 pueris
1215 2145 1431 2204 existentibus
1462 2143 1503 2204 de
1527 2142 1615 2206 dicto
1639 2145 1776 2205 servicio
1807 2163 1918 2205 eorum
1943 2153 1976 2204 et

423 2247 542 2310 exilia
566 2250 731 2329 provincia
757 2251 849 2311 testis
874 2252 984 2322 exivit,
1011 2261 1085 2328 post
1102 2250 1192 2310 cuius
1209 2250 1342 2311 tandem
1367 2251 1488 2312 exitum
1515 2261 1641 2311 mortue
1665 2260 1740 2311 sunt
1767 2249 1817 2311 ille
1834 2249 1975 2312 domine.

423 2355 610 2436 Requisitus
635 2358 765 2418 taudem
791 2357 967 2438 respondit,
993 2357 1081 2436 quod
1105 2377 1165 2417 suo
1189 2367 1339 2436 tempore
1364 2355 1420 2417 fuit
1446 2357 1574 2437 publica
1598 2378 1666 2418 vox
1690 2355 1828 2419 etfama
1851 2357 1973 2418 dictam

423 2463 518 2522 dnam
544 2463 676 2526 Annam
701 2463 856 2543 Krupska
873 2474 906 2526 et
923 2463 1053 2524 Annam
1071 2473 1208 2526 matrem
1233 2464 1287 2525 dni
1304 2461 1527 2524 Zabrzesinski
1552 2461 1650 2526 fuisse
1667 2483 1797 2526 sorores
1814 2465 1976 2542 amitivas3

422 2570 553 2630 tandem
579 2571 620 2632 ad
645 2571 936 2650 interrogacionem
963 2570 1095 2642 addidit,
1128 2571 1215 2650 quod
1241 2571 1270 2630 in
1297 2581 1383 2632 statu
1416 2571 1483 2631 sive
1508 2572 1689 2650 quantitate
1713 2572 1860 2652 corporis
1884 2579 1976 2633 erant

423 2675 563 2755 equales
597 2675 735 2756 pulcrior
759 2684 868 2737 tamen
901 2677 1081 2757 apparebat
1113 2677 1355 2746 Zabrzesinslra,
1390 2679 1543 2756 quoniam
1567 2677 1631 2738 dne
1657 2675 1811 2756 Krupslra
1843 2677 1976 2740 maritus

423 2786 585 2846 insaniens
609 2786 639 2844 in
658 2803 737 2844 naso
754 2795 859 2846 certas
876 2786 1036 2846 citatrices
1062 2784 1190 2846 fecerat.
1215 2783 1266 2845 De
1283 2787 1380 2845 armis
1397 2782 1523 2846 illorum
1540 2783 1690 2846 hincinde
1711 2803 1775 2846 non
1794 2785 1974 2846 meminit..

635 2975 676 3038 A.
706 2990 796 3056 1510,
822 2977 957 3038 ianuarii
988 2995 1034 3049 11,
1059 2979 1088 3038 in
1113 2979 1201 3038 curia
1225 2978 1412 3058 episcopali.

530 3096 617 3166 302.
643 3101 740 3182 (Acta
757 3103 854 3180 episc.
873 3102 933 3182 la).
958 3101 1014 3162 Te
1028 3103 1109 3164 stis
1134 3123 1193 3182 pro
1210 3113 1303 3182 parte
1322 3101 1438 3165 nobilis
1461 3099 1586 3164 ltamile
1604 3099 1788 3181 Crupslra..
1813 3112 1845 3162 et
1862 3111 1975 3162 contra

422 3208 520 3269 duum
546 3207 815 3289 Zabrzeszynslry
839 3211 999 3271 inductus:
1026 3210 1138 3270 honor.
1165 3209 1323 3272 Cristinus
1348 3208 1505 3291 plebanus
1523 3211 1552 3269 in
1569 3207 1814 3288 Scbidlowycze
1837 3208 1976 3268 diocesis

422 3313 585 3376 Vilnensis
621 3329 694 3376 actu
727 3316 922 3395 presbiter..
957 3317 996 3376 ad
1030 3315 1181 3378 articulos
1213 3318 1315 3396 partis
1346 3316 1528 3378 inducentis
1559 3315 1600 3376 ad
1633 3315 1771 3394 primum
1807 3315 1976 3395 respondit

422 3423 517 3484 dnam
545 3421 700 3483 ltamilam
730 3421 826 3484 fuisse
851 3443 986 3486 uxorem
1020 3425 1074 3486 dni
1098 3425 1173 3485 olim
1207 3422 1322 3484 Felicis
1347 3421 1508 3503 Crupsky,
1541 3442 1581 3484 eo
1612 3431 1688 3482 tunc
1718 3422 1781 3481 iam
1813 3423 1974 3483 existente

422 3527 571 3608 pleban0,
608 3529 711 3592 fuerat
743 3531 863 3592 ibidem
895 3533 925 3590 in
950 3531 1082 3592 domum
1116 3531 1297 3592 traducta..
1335 3529 1387 3592 Au
1412 3533 1547 3591 tercium
1581 3541 1614 3591 et
1643 3537 1792 3608 quartum
1824 3528 1976 3589 articulos

421 3639 593 3716 requisitus
618 3638 796 3718 respondit,
822 3637 910 3717 quod
934 3637 977 3698 ab
1001 3640 1092 3698 anuis
1116 3639 1195 3699 citra
1219 3638 1328 3704 tribus,
1354 3637 1416 3697 hoc
1441 3647 1491 3698 est
1515 3636 1533 3696 l.
1558 3635 1600 3696 lll
1626 3647 1701 3716 post
1725 3635 1843 3698 festum
1867 3655 1892 3698 s.
1909 3633 1976 3695 Tri-

421 3745 537 3815 nitatis,
562 3745 650 3804 venit
675 3745 757 3806 dnus
777 3743 935 3806 lohannes
960 3743 1226 3825 Zabrzeszynslry
1251 3747 1282 3804 in
1307 3743 1393 3804 bona
1419 3744 1492 3804 ville
1515 3741 1753 3810 Schidlowicze,
1778 3741 1831 3803 ubi
1857 3761 1975 3803 merno-

421 3859 490 3912 rata
515 3851 579 3911 dna
604 3851 726 3912 ltamila
752 3851 946 3925 morabatur,
978 3853 1010 3912 in
1035 3852 1151 3932 quibus
1177 3852 1269 3912 bonis
1293 3861 1325 3910 et
1349 3861 1426 3912 ante
1450 3852 1559 3930 sepius
1583 3849 1690 3910 iuerat
1718 3851 1748 3909 in
1772 3848 1871 3910 domo
1896 3852 1975 3910 eius·

420 3958 495 4018 dem
520 3958 583 4018 dne
608 3957 739 4032 ltamile,
765 3979 828 4038 que
853 3959 984 4020 tandem
1009 3959 1059 4018 die
1086 3957 1235 4019 videlicet
1260 3959 1278 4018 l.
1303 3957 1345 4018 Ill
1372 3967 1447 4037 post
1471 3956 1587 4017 festum
1614 3955 1780 4018 Trinitatis
1805 3957 1890 4016 misit
1915 3975 1973 4036 pro

421 4074 504 4126 teste
530 4063 692 4144 quendam
719 4065 886 4126 Andream
912 4065 1099 4128 familiarem
1124 4066 1188 4126 dne
1205 4063 1363 4144 Crupslra,
1389 4075 1423 4126 ut
1440 4065 1564 4125 veniret
1589 4065 1619 4124 in
1637 4065 1755 4124 curiam
1775 4063 1815 4124 ad
1832 4063 1973 4124 dandum

421 4171 551 4232 domine
575 4172 746 4249 sponsalia.
772 4169 834 4251 Qui
861 4185 990 4253 recepta
1016 4173 1100 4234 stola
1124 4174 1212 4234 venit
1237 4173 1410 4232 incuriam
1435 4171 1551 4230 ibidem
1577 4171 1609 4232 in
1626 4169 1856 4232 Schidlowicze
1879 4171 1973 4231 intra-

420 4280 531 4356 vitque
556 4280 716 4357 quandam
742 4280 935 4340 caminatam
961 4301 1061 4360 parve
1086 4282 1210 4350 domus,
1244 4299 1305 4358 que
1330 4290 1379 4340 est
1404 4298 1515 4339 versus
1544 4278 1822 4356 septemtrionem,
1853 4277 1975 4338 invenit

421 4387 554 4446 eosdem
586 4386 682 4446 dnam
715 4385 872 4447 ltamilam
905 4397 937 4448 et
962 4389 1059 4448 dnum
1090 4387 1345 4466 Zabrzeszynslri
1377 4395 1504 4446 stantes
1535 4395 1568 4445 et
1593 4395 1717 4444 secrete
1748 4382 1975 4463 colloquentes

420 4491 565 4572 duasque
588 4491 719 4554 ancillas
743 4493 886 4554 eiusdem
911 4494 974 4554 dne
992 4493 1124 4568 ltamile,
1151 4493 1300 4554 videlicet
1326 4491 1566 4571 biargaretham
1591 4499 1623 4550 et
1642 4489 1841 4552 Dorotheum
1867 4489 1974 4552 ambu-

421 4598 524 4661 lantes
558 4621 614 4678 per
646 4599 784 4661 eandem
817 4601 1025 4674 caminatam,
1057 4601 1187 4662 tandem
1221 4603 1306 4662 idem
1338 4600 1422 4661 dnus
1454 4597 1615 4660 lohannes
1647 4595 1914 4679 Zabrzeszynsky
1943 4599 1973 4658 in

420 4708 587 4786 presencia
611 4708 703 4768 testis
727 4707 786 4767 hec
811 4707 908 4768 verba
933 4707 1076 4787 protulit:
1113 4709 1198 4769 Ecce
1223 4709 1354 4769 domina
1379 4703 1537 4785 Crupslca
1572 4715 1746 4784 postquam
1780 4723 1844 4764 non
1870 4705 1974 4765 credis

421 4811 494 4874 fidei
519 4833 597 4884 mee,
631 4815 692 4874 iam
718 4813 793 4874 volo
817 4813 1108 4894 desponsacionem
1134 4814 1255 4892 sacere;
1287 4823 1486 4894 receptoque
1519 4812 1660 4891 quodam
1687 4811 1853 4890 pectorali,
1887 4809 1974 4890 quod

420 4921 528 4998 gessit,
553 4921 821 4999 quadriangulari,
847 4921 935 5001 quod
960 4923 1049 4983 dedit
1073 4923 1114 4983 ad
1139 4943 1252 4983 manus
1278 4923 1372 4990 testi,
1397 4921 1523 4982 dicens:
1559 4917 1632 4998 Ego
1658 4917 1817 4979 lohannes
1841 4917 1974 4980 Zabrze-

420 5027 562 5106 szynslry
588 5029 709 5106 recipio
733 5027 829 5088 duam
854 5028 1013 5090 Itamilam
1046 5032 1077 5090 in
1102 5049 1237 5090 uxorem
1271 5038 1303 5089 et
1328 5027 1485 5108 promitto
1511 5026 1605 5086 aliam
1632 5046 1696 5084 non
1719 5023 1840 5086 habere
1865 5041 1973 5106 preter

420 5155 491 5196 eam
516 5137 556 5196 ad
575 5145 713 5197 mortem
738 5147 770 5196 et
788 5136 849 5196 hoc
874 5136 942 5197 iuro
962 5135 1031 5196 Deo
1056 5147 1089 5196 et
1113 5137 1183 5197 istis
1214 5134 1364 5214 reliquiis
1389 5137 1435 5194 sic
1459 5153 1510 5193 me
1536 5131 1625 5192 Deus
1648 5132 1778 5194 adiuvet
1803 5143 1836 5194 et
1860 5153 1975 5195 omnes

419 5241 538 5316 Sancti,
563 5245 588 5302 si
613 5264 678 5302 non
696 5243 809 5303 faciam
834 5244 928 5312 istud,
954 5241 1044 5304 Deus
1061 5263 1112 5302 me
1137 5241 1333 5304 condemnet
1358 5242 1387 5300 in
1406 5242 1514 5300 anima
1539 5234 1571 5299 'et
1596 5259 1740 5316 corpore.
1766 5239 1913 5299 Tandem
1933 5240 1973 5300 ad

420 5351 516 5410 dnam
543 5349 700 5410 ltamilam
725 5351 819 5410 dixit:
845 5349 967 5411 Dicatis
992 5361 1025 5410 et
1042 5372 1101 5412 vos
1125 5351 1186 5410 hec
1211 5349 1318 5408 verba.
1344 5345 1415 5427 Que
1442 5347 1522 5408 dixit
1539 5363 1574 5406 se
1594 5349 1717 5406 nescire
1741 5347 1858 5425 eloqui.
1885 5347 1974 5408 Dixit

420 5459 501 5534 ipse:
527 5455 651 5516 Dicatis
675 5456 842 5517 clausatim
869 5468 944 5535 post
971 5478 1029 5526 me,
1051 5493 1089 5503 —-
1114 5458 1261 5534 dixitque
1287 5457 1402 5514 iterum
1428 5465 1581 5532 repetens
1605 5451 1665 5514 hec
1690 5453 1802 5514 verba:
1826 5452 1898 5534 ligo
1916 5453 1974 5514 lta·

420 5560 494 5622 mila
520 5564 639 5642 recipio
664 5562 758 5623 michi
784 5564 815 5623 in
840 5565 942 5623 virum
968 5563 1144 5624 iohannem
1169 5573 1201 5622 et
1226 5563 1383 5642 promitto
1408 5559 1503 5619 alium
1534 5579 1597 5619 uon
1623 5561 1743 5622 habere
1769 5571 1878 5640 preter
1900 5579 1973 5621 eum

420 5668 459 5730 ad
477 5681 626 5742 mortem,
651 5681 682 5732 et
701 5671 770 5730 iuro
793 5669 867 5731 Deo
893 5683 925 5732 et
942 5671 991 5732 his
1008 5667 1137 5731 Sanctis
1162 5667 1310 5748 reliquiis,
1335 5669 1445 5746 sicque
1470 5687 1521 5728 me
1544 5667 1633 5728 Deus
1657 5669 1787 5729 adiuvet
1811 5679 1843 5729 et
1861 5687 1974 5728 omnes
