4458 6674
432 720 491 784 128
903 719 997 770 acra
1015 719 1138 770 rumen
1156 719 1293 770 accras.
1315 717 1503 770 moctensis

430 813 486 818 -—
502 813 690 821 ———.—.
709 812 737 817 —
1287 811 1634 819 .—-..-.-÷---——..-..
1659 814 1673 819 -
1689 813 1712 818 -

427 945 540 998 contra
564 935 670 1016 ipsum
696 934 874 1014 proposuit,
900 933 975 1013 quia
999 933 1068 1013 ipse
1093 932 1252 1013 quottidie
1277 913 1446 996 cervisiam
1473 947 1505 994 et
1530 933 1631 996 salem
1656 933 1810 1014 propinat
1834 933 1985 994 omnibus

427 1043 613 1106 hominibus
643 1061 742 1106 sexus
774 1042 940 1122 utriusque
972 1042 1106 1122 singulis
1138 1041 1253 1102 diebus
1285 1041 1453 1102 dominicis
1486 1051 1519 1102 et
1544 1039 1666 1102 festivis
1698 1059 1736 1100 ac
1765 1039 1927 1102 ferialibus
1952 1049 1984 1101 et

429 1153 517 1232 quod
542 1161 684 1212 tasseres
715 1147 796 1210 ludit
827 1169 863 1210 ac
888 1147 1027 1209 ludum
1064 1147 1291 1229 lignorum,
1328 1148 1406 1210 alias
1438 1147 1551 1227 byerkr',
1584 1167 1643 1229 pro
1669 1147 1813 1228 pecuniis
1844 1155 1984 1216 exercet,

428 1255 603 1337 aliquando
627 1268 714 1318 recte
740 1275 758 1317 a
783 1255 859 1316 ludo
883 1255 924 1316 ad
950 1255 1080 1317 missam
1106 1255 1194 1317 vadit
1226 1275 1289 1316 non
1315 1255 1516 1328 dormiendo,
1548 1275 1621 1316 cum
1646 1253 1734 1315 laicis
1760 1255 1928 1316 contendit
1952 1265 1985 1315 et

428 1365 598 1447 depilator,
634 1365 750 1425 missas
783 1383 845 1422 non
871 1363 994 1423 ieiunus
1026 1361 1178 1430 celebrat,
1210 1363 1308 1424 verba
1341 1361 1513 1424 inhonesta
1544 1380 1652 1423 coram
1686 1363 1779 1424 bonis
1804 1359 1985 1422 hominibus

429 1473 530 1534 eciam
563 1491 671 1532 coram
697 1467 858 1530 nobilibus
890 1467 1076 1530 mulieribus
1108 1467 1240 1550 profert,
1273 1469 1479 1546 blasphemat
1511 1481 1543 1529 et
1568 1467 1739 1538 maledicit,
1771 1467 1983 1529 concubinam

429 1578 557 1662 publice
581 1589 689 1640 servat
713 1588 745 1638 et
764 1595 815 1637 res
839 1597 895 1638 seu
914 1579 1067 1656 pecunias
1092 1575 1247 1639 inutiliter
1270 1578 1431 1638 consumit
1456 1588 1487 1638 et
1504 1577 1640 1638 finaliter
1665 1577 1841 1637 enormiter
1864 1577 1894 1635 in
1911 1585 1984 1637 toto

428 1688 513 1759 vivit,
539 1697 656 1766 petens
681 1685 787 1765 ipsum
811 1705 829 1745 a
854 1683 971 1746 talibus
996 1685 1158 1746 coherceri
1184 1695 1217 1746 et
1242 1705 1326 1764 pena
1350 1683 1510 1764 condigna
1535 1685 1672 1764 puniri..

642 1878 684 1940 A.
714 1880 804 1959 1508.
831 1877 1023 1946 Decembris
1052 1894 1077 1950 1,
1102 1879 1133 1938 in
1157 1877 1324 1938 Poltowslr
1349 1879 1378 1938 in
1402 1878 1490 1938 curia
1514 1840 1700 1958 episcopali.

536 1999 625 2068 278.
657 2001 755 2084 (Acta
780 2004 879 2083 episc.
903 2001 1009 2077 Vlll..
1041 2001 1183 2063 Nomine
1216 2003 1269 2063 dni
1303 1999 1462 2076 Stanislai,
1495 2001 1638 2063 altariste
1671 2003 1701 2060 in
1727 1999 1918 2078 Carnyewo
1951 2009 1984 2058 et

428 2121 542 2172 contra
573 2109 714 2172 nobilem
747 2107 923 2172 Iohannem
954 2107 1114 2178 Malocha,
1151 2109 1287 2170 lacobus
1320 2109 1359 2168 de
1385 2107 1504 2169 Brzoze
1539 2119 1728 2186 procurator
1758 2109 1859 2188 ipsius
1882 2105 1984 2168 verbo

429 2219 612 2298 proposuit,
645 2217 734 2297 quod
758 2216 834 2276 dum
867 2218 937 2296 ipse
963 2216 1141 2278 Stanislaus
1173 2235 1245 2276 cum
1270 2218 1386 2278 eodem
1418 2215 1563 2278 Iohanne
1596 2226 1719 2277 certum
1751 2215 1864 2276 vadii
1896 2233 1984 2274 con-

428 2334 613 2386 tractum
639 2322 768 2384 lecisset
793 2324 966 2384 occasione
992 2323 1106 2383 baliste
1130 2335 1163 2383 et
1181 2323 1279 2383 modo
1305 2324 1391 2402 quod
1418 2323 1486 2404 ipse
1512 2319 1693 2384 Stanislaus
1717 2321 1798 2382 dixit
1824 2319 1895 2400 plus
1911 2339 1983 2382 esse

428 2430 469 2492 de
494 2433 585 2494 venis
618 2431 647 2490 in
672 2431 786 2491 eadem
811 2429 927 2492 balista
959 2439 991 2490 et
1017 2428 1178 2490 lohannes
1203 2430 1274 2510 plus
1299 2431 1339 2491 de
1365 2431 1461 2509 ligno,
1494 2429 1652 2491 offerente
1677 2449 1711 2488 se
1735 2427 1776 2489 ad
1801 2427 1984 2488 balistarios

428 2549 483 2599 aut
507 2539 547 2598 ad
572 2537 699 2618 aliquos
724 2536 847 2618 probos
872 2537 957 2597 viros
982 2549 1014 2597 et
1032 2535 1209 2597 secundum
1234 2539 1323 2598 cuius
1347 2537 1467 2599 dictum
1494 2535 1566 2616 plus
1584 2535 1624 2595 de
1641 2535 1750 2614 aliquo
1775 2537 1983 2600 invenissent.

431 2665 513 2706 unus
537 2645 628 2706 alteri
654 2655 720 2705 tres
745 2663 929 2722 sexagenas
954 2641 1080 2704 solvere
1105 2643 1225 2716 debuit,
1258 2654 1354 2724 prout
1379 2645 1408 2704 in
1435 2643 1551 2705 effectu
1575 2644 1607 2703 in
1631 2643 1746 2704 eadem
1771 2641 1887 2702 balista
1913 2641 1984 2720 plus

428 2753 593 2811 inventum
618 2761 668 2812 est
692 2751 733 2812 de
759 2751 859 2821 venis,
884 2769 980 2829 quam
1005 2751 1045 2811 de
1071 2749 1165 2832 lign0,
1191 2761 1224 2812 et
1249 2752 1318 2829 ipse
1343 2752 1432 2812 iuxta
1457 2761 1658 2811 contractum
1684 2750 1767 2811 vadii
1793 2761 1826 2809 et
1852 2759 1982 2828 pactum

428 2855 611 2918 huiusmodi
636 2867 763 2919 recusat
788 2858 890 2918 dictas
908 2855 951 2916 lll
968 2877 1151 2938 sexagenas
1176 2857 1312 2928 solvere,
1336 2870 1522 2938 compacta
1546 2856 1697 2918 omnibus
1721 2867 1795 2918 sunt
1816 2855 1983 2926 servanda,

429 2975 545 3046 petens
569 2966 676 3044 ipsum
700 2965 774 3044 cogi
799 2975 859 3026 etc.

642 3157 684 3218 A.
715 3171 807 3236 1509,
831 3157 967 3218 Ianuarii
998 3173 1043 3227 12,
1068 3159 1100 3218 in
1123 3159 1318 3220 consistorio
1343 3158 1496 3220 Plocensi.

535 3277 624 3346 279.
651 3281 749 3362 (Acta
772 3281 855 3343 oilie.
880 3279 957 3356 lla).
990 3281 1128 3343 Michael
1151 3282 1188 3342 D.
1213 3303 1243 3362 g.
1268 3285 1443 3363 episcopus
1468 3281 1734 3362 Margarithensis
1759 3279 1982 3360 suffraganeus
2033 3235 2034 3240 η

428 3400 462 3451 et
485 3392 659 3450 canonicus
691 3390 890 3468 vicariusque
916 3390 946 3448 in
970 3387 1195 3468 Spiritualibus
1219 3409 1256 3451 ac
1281 3387 1425 3451 officialis
1456 3391 1618 3471 generalis
1650 3389 1812 3450 Plocensis
1838 3385 1981 3467 providis

428 3497 503 3556 viris
536 3495 791 3576 proconsulibus,
824 3493 1008 3556 consulibus
1041 3505 1075 3556 et
1098 3495 1238 3558 scabinis
1271 3497 1465 3578 oppidorum
1500 3497 1689 3576 Raczyasch
1714 3505 1747 3557 et
1773 3495 1982 3556 Radzanowo

429 3604 566 3664 salutem
592 3605 622 3663 in
647 3601 799 3663 Domino.
832 3603 1031 3680 Accepimus
1055 3623 1097 3664 ex
1123 3603 1253 3684 querela
1287 3606 1416 3666 discreti
1442 3617 1473 3666 et
1499 3605 1614 3665 nobilis
1638 3603 1746 3664 lacobi
1771 3603 1812 3662 de
1837 3599 1983 3680 Quasye·

429 3709 574 3790 borzyno
599 3707 713 3778 clerici,
738 3709 905 3789 quomodo
929 3713 1148 3787 conoppidani
1173 3715 1278 3780 vestri,
1306 3711 1454 3773 videlicet
1478 3711 1658 3772 Stanislaus
1680 3709 1831 3789 syodlnra
1858 3709 1900 3770 de
1922 3707 1983 3768 Ra·

428 3815 567 3896 cayasch
584 3827 615 3876 et
635 3815 791 3877 Martinus
808 3825 900 3876 sutor
912 3815 952 3876 de
966 3815 1176 3880 Radzonowo
1193 3821 1372 3880 existentes
1390 3839 1447 3900 per
1466 3839 1525 3880 nos
1542 3829 1607 3879 tam
1625 3837 1665 3878 ex
1680 3815 1787 3878 oflicio
1805 3813 1982 3896 episcopali

429 3923 459 3982 in
477 3921 574 3983 certis
596 3923 696 4002 penis
723 3941 818 4002 qnam
837 3921 877 3984 ad
894 3923 1084 3984 instanciam
1102 3927 1203 4005 partis
1221 3925 1346 4004 prefate
1363 3925 1484 3986 scilicet
1503 3925 1609 3986 lacobi
1626 3925 1666 3985 de
1683 3921 1982 4004 Quaszyeborzyno

429 4029 502 4090 latis
526 4029 672 4089 similiter
696 4030 913 4102 condemnati,
938 4031 1023 4092 bona
1048 4051 1105 4092 sua
1122 4033 1254 4092 mobilia
1279 4045 1312 4093 et
1330 4033 1505 4093 immobilia
1526 4035 1555 4092 in
1574 4033 1712 4092 vicinatu
1739 4039 1848 4092 vestro
1873 4027 1982 4091 habita

428 4135 570 4197 vendere
587 4146 620 4196 et
637 4156 672 4196 se
689 4135 828 4197 alienare
853 4156 908 4197 seu
934 4137 1011 4198 alias
1035 4137 1207 4201 absentare
1225 4159 1243 4200 a
1260 4139 1381 4200 diocesi
1408 4139 1552 4200 Plocensi
1574 4141 1605 4199 in
1630 4137 1838 4199 collusionem
1863 4135 1982 4196 iurisdi-

429 4243 528 4302 cionis
547 4251 657 4304 nostre
671 4251 704 4304 et
717 4263 800 4322 pene
818 4245 1012 4323 episcopalis
1031 4248 1216 4307 evasionem
1235 4266 1272 4308 ac
1286 4247 1371 4307 dicte
1390 4249 1490 4326 partis
1507 4245 1714 4326 preludicium
1735 4253 1982 4323 proposuerunt.

429 4347 588 4429 Quocirca
605 4349 696 4410 vobis
714 4351 919 4430 presentibus
936 4355 1168 4414 committimus
1186 4363 1218 4415 et
1236 4353 1294 4414 sub
1313 4375 1396 4433 pena
1416 4355 1766 4414 excommunicacionis
1784 4349 1982 4417 mandamus

429 4457 579 4535 quatinus
607 4458 634 4516 si
659 4456 774 4536 prefati
800 4451 1024 4520 malefactores
1049 4479 1089 4520 ex
1115 4462 1219 4522 causis
1245 4462 1398 4539 predictis
1422 4463 1548 4520 interim
1572 4461 1627 4520 lite
1654 4457 1816 4537 pendente
1841 4457 1926 4518 bona
1951 4469 1983 4516 et

428 4581 480 4623 res
497 4582 571 4624 suas
594 4563 773 4625 distrahere
791 4584 827 4624 ac
845 4585 883 4624 ea
901 4567 1041 4626 vendere
1059 4577 1091 4628 et
1109 4587 1217 4627 coram
1243 4569 1336 4628 nobis
1361 4569 1526 4646 resignare
1551 4568 1718 4636 voluerint,
1744 4585 1784 4626 ne
1801 4561 1982 4638 huiusmodi

430 4671 669 4750 resignaciones
693 4672 917 4752 admitteretis,
951 4675 1128 4752 quinimmo
1153 4675 1355 4755 emptoribus
1380 4685 1412 4735 et
1440 4675 1661 4736 venditoribus
1690 4673 1769 4735 tales
1797 4681 1984 4734 contractus

429 4775 637 4857 prohibeatis,
662 4776 766 4838 donec
791 4799 851 4858 pro
876 4800 960 4859 pena
985 4782 1163 4860 episcopali
1189 4793 1221 4842 et
1244 4784 1325 4860 parti
1350 4783 1418 4843 lese
1442 4781 1670 4853 satisfecerim
1694 4779 1834 4859 alioquin
1859 4781 1883 4840 si
1908 4787 1982 4856 post

428 4883 609 4946 huiusmodi
628 4884 855 4946 inhibicionem
878 4898 1022 4949 nostram
1040 4909 1099 4968 per
1116 4909 1175 4948 nos
1192 4887 1311 4968 aliquid
1328 4899 1557 4967 attemptatum
1577 4887 1670 4948 luerit
1686 4897 1797 4948 contra
1818 4887 1981 4968 premissa,

427 5011 489 5054 nos
505 4993 536 5051 in
554 4992 647 5052 vobis
671 5012 788 5072 penam
814 4995 1033 5075 episcopalem
1051 5007 1083 5057 et
1096 5015 1175 5075 ,pars
1200 4997 1336 5057 adversa
1362 5017 1418 5056 sua
1443 4997 1585 5076 dampna
1602 5007 1634 5056 et
1650 4997 1807 5055 interesse
1832 5003 1982 5074 repetere

428 5098 619 5170 curabimus,
644 5100 788 5161 intendet
806 5111 838 5162 et
857 5103 1042 5180 procurabit
1059 5102 1165 5164 oliicio
1183 5115 1296 5164 nostro
1313 5104 1474 5164 ordinario
1500 5103 1669 5163 mediante.
1696 5101 1816 5162 Datum
1842 5099 1981 5160 Ploczlro

427 5205 480 5267 die
503 5203 599 5267 XVlI
624 5205 698 5265 Maii
723 5227 749 5266 a.
775 5205 815 5268 D.
840 5207 970 5269 MDVll
996 5219 1108 5271 nostro
1133 5211 1192 5272 sub
1217 5211 1329 5290 sigillo

641 5397 683 5460 A.
716 5413 804 5479 1509,
830 5400 966 5462 Ianuarii
990 5403 1040 5470 26.
1067 5404 1095 5463 in
1122 5403 1312 5466 Polthowslc
1336 5405 1365 5464 in
1391 5405 1477 5465 curia
1502 5404 1688 5486 episcopali.

535 5518 624 5588 280.
650 5523 746 5604 (Acta
770 5527 866 5605 episc.
892 5525 978 5604 lX)..
1004 5527 1037 5588 ln
1064 5549 1160 5590 causa
1186 5529 1315 5590 discreti
1340 5530 1449 5590 lacobi
1474 5531 1680 5590 viceministri
1706 5529 1842 5589 ecclesie
1866 5527 1897 5586 in
1922 5525 1980 5586 Bo·

427 5629 525 5710 gathe
543 5639 575 5691 et
592 5641 706 5692 contra
723 5631 847 5693 nobiles
863 5632 1057 5695 Stanislaum
1075 5647 1108 5696 et
1125 5635 1255 5696 Petrum
1274 5637 1313 5697 de
1332 5635 1543 5706 Chrzanowo
1562 5639 1667 5698 dictus
1684 5637 1847 5697 lacobus.
1865 5655 1981 5717 propo·

427 5739 499 5810 suit,
518 5736 605 5816 quod
623 5737 698 5798 dum
724 5737 842 5800 dictum
869 5739 1020 5802 Iacobum
1037 5742 1146 5803 eundo
1162 5745 1372 5820 repatriatum
1390 5745 1419 5804 in
1438 5743 1544 5804 villam
1563 5743 1764 5805 Chrzanoivo
1781 5743 1822 5805 ad
1839 5741 1981 5818 domum,
