4458 6674
429 679 474 743 94
906 663 1000 712 ACTA
1018 661 1140 713 IUDICII
1159 661 1295 712 ECCLES.
1314 659 1502 712 PLOCENSlS

769 755 810 762 -ι
1558 753 1611 758 -
1617 751 1668 758 --—-

430 873 691 958 reprehendebat
715 875 854 938 eundem
878 895 976 956 super
998 873 1182 938 huiusmodi
1206 873 1450 947 incontinencia,
1483 873 1673 950 lubricitate,
1698 876 1742 938 ita
1766 877 1825 939 sibi
1850 896 1981 958 respon-

430 984 529 1046 disse:
561 985 637 1065 quid
662 993 711 1046 est
736 984 807 1058 hoc,
841 1003 949 1045 nonne
973 1003 1044 1045 sum
1068 981 1177 1051 homo,
1208 983 1322 1044 solutis
1354 981 1456 1044 tribus
1487 983 1604 1044 marcis
1635 983 1701 1046 dno
1726 983 1893 1066 Episcopo
1918 1005 1982 1046 non

430 1093 550 1172 poterit
567 1111 619 1152 me
636 1093 763 1172 privare
786 1089 952 1153 beneficio.
978 1089 1112 1168 Insuper
1135 1090 1252 1151 adiecit
1268 1089 1370 1159 testis,
1395 1089 1482 1169 quod
1507 1100 1541 1152 ut
1558 1092 1668 1170 sepius
1693 1091 1789 1154 intrat
1813 1091 1981 1154 ecclesiam

429 1199 492 1260 iam
518 1209 593 1278 post
617 1197 725 1260 divina
748 1199 864 1272 illotus,
888 1199 1051 1279 impexus,
1076 1197 1247 1259 inhoneste
1265 1207 1298 1258 et
1315 1196 1421 1258 ebrius
1445 1207 1479 1259 et
1503 1209 1537 1259 ut
1555 1199 1665 1278 sepius
1689 1209 1765 1280 post
1789 1199 1895 1260 divina
1910 1219 1983 1260 con·

430 1306 556 1388 gregati
581 1307 770 1366 catervatim
797 1305 983 1384 parochiani
1000 1305 1282 1385 conquerebantur
1303 1324 1400 1384 super
1416 1303 1515 1365 dnum
1532 1302 1806 1367 Archidiaconum
1825 1305 1982 1368 dicentes:

430 1411 503 1472 Dne
527 1409 767 1474 Archidiacone
791 1412 925 1474 dedistis
949 1412 1044 1473 nobis
1061 1431 1232 1473 erroneum
1256 1411 1429 1484 hominem,
1454 1411 1665 1474 clamabimus
1689 1411 1804 1474 flentes
1820 1423 1933 1474 contra
1950 1423 1982 1473 te

430 1538 539 1580 coram
564 1520 630 1580 dno
654 1517 820 1600 pontifice;
851 1531 885 1582 et
910 1517 1040 1600 quando
1063 1521 1162 1582 intrat
1186 1521 1216 1579 in
1241 1519 1415 1580 ambouam
1441 1518 1481 1580 ad
1506 1517 1747 1600 predicandum,
1781 1529 1857 1582 tunc
1881 1521 1983 1582 maior

431 1645 505 1705 pars
528 1625 694 1688 hominum
719 1629 789 1689 exit
819 1626 1028 1690 deecclesia.
1068 1627 1148 1689 Item
1173 1627 1393 1708 interrogatus
1424 1647 1522 1706 super
1545 1624 1681 1688 articulo
1713 1627 1754 1688 de
1778 1625 1980 1706 dispersione

430 1731 607 1794 hostiarum
633 1745 902 1806 consecratarum,
928 1734 1045 1815 quibus
1069 1733 1212 1796 debebat
1237 1733 1453 1812 parochianos
1477 1734 1725 1802 communicare,
1755 1733 1922 1812 respondit
1946 1753 1982 1794 se

429 1849 506 1901 tunc
537 1859 602 1900 non
626 1839 816 1911 interfuisse,
852 1842 909 1904 sed
934 1842 1055 1904 audivit
1088 1839 1335 1922 aparochianis
1366 1844 1410 1903 ita
1434 1839 1545 1916 fuisse;
1580 1841 1621 1902 de
1654 1839 1824 1902 virtutihus
1848 1841 1925 1910 eius,
1957 1841 1984 1902 si

430 1967 512 2026 quas
536 1945 672 2009 haberet
695 1947 808 2022 bonas,
833 1951 1052 2030 interrogatus
1076 1949 1254 2029 respondit,
1280 1949 1368 2028 quod
1386 1948 1504 2010 nullam
1530 1949 1649 2010 bonam
1667 1947 1775 2022 hahet,
1800 1955 1833 2008 et
1851 1957 1884 2008 ut
1901 1948 1983 2009 dnus

431 2053 520 2115 Deus
543 2073 604 2116 nos
636 2073 677 2116 eo
703 2053 841 2118 celerius
874 2057 1015 2138 privaret
1047 2054 1174 2126 eodem,
1205 2075 1321 2118 omnes
1345 2055 1554 2136 postulamus.
1595 2055 1676 2116 Item
1701 2055 1863 2136 deposuit,
1894 2055 1981 2134 quod

430 2161 562 2223 veniens
586 2161 627 2224 de
644 2159 821 2244 Swyelicze
845 2163 907 2226 huc
925 2165 1107 2226 adduxerat
1131 2183 1240 2224 secum
1266 2164 1428 2244 quandam
1447 2162 1660 2225 Katherinam
1678 2163 1796 2222 dictam
1817 2159 1983 2242 nyasna,

432 2277 528 2348 prout
552 2279 691 2350 apparet
723 2272 754 2330 in
778 2271 984 2333 consessione
1015 2289 1082 2344 sua,
1112 2271 1236 2332 audivit
1267 2272 1368 2332 eciam
1401 2272 1495 2332 testis
1525 2269 1566 2331 ab
1591 2270 1659 2331 aliis
1684 2268 1897 2350 parochianis,
1929 2267 1982 2348 qui

431 2383 570 2455 protunc
601 2377 820 2450 interfuerunt,
852 2379 983 2458 quando
1015 2379 1132 2441 amissa
1157 2377 1264 2440 hostia
1288 2389 1479 2440 consecrata
1510 2379 1542 2438 in
1566 2375 1714 2449 calicem,
1746 2379 1856 2440 statim
1887 2373 1980 2436 aliam

431 2501 495 2543 non
521 2494 743 2547 consecratam
768 2488 891 2568 recepit
915 2487 955 2548 de
981 2483 1090 2566 pixide
1114 2496 1147 2548 et
1171 2486 1343 2548 elevavit..

538 2587 725 2670 Quartus
749 2594 842 2655 testis
866 2593 1023 2656 honestus
1047 2592 1228 2655 Stanislaus
1252 2591 1358 2673 Zdbyl
1382 2592 1423 2654 de
1447 2591 1589 2660 Vinicza.
1614 2593 1745 2655 vitricus
1770 2590 1904 2652 ecclesie
1928 2589 1982 2650 ihi·

431 2695 515 2771 dem,
548 2697 720 2778 expeditus
752 2720 849 2782 super
872 2701 1130 2781 interrogatoriis
1165 2701 1268 2761 eciam
1300 2701 1382 2780 mgri
1414 2699 1522 2761 Iacobi
1546 2701 1764 2780 interrogatus
1796 2699 1837 2758 de
1862 2699 1926 2759 vita
1951 2705 1983 2758 et

432 2804 575 2866 moribus
598 2807 775 2888 respondit.
801 2807 889 2888 quod
915 2809 992 2870 vivit
1017 2806 1216 2870 disordinate
1240 2817 1273 2869 ct
1289 2807 1528 2868 incontinenter
1552 2818 1584 2870 et
1609 2805 1696 2888 quod
1721 2805 1847 2866 noviter
1871 2807 1902 2866 in
1919 2823 1984 2864 cra-

431 2912 517 2974 stino
541 2933 565 2974 s.
583 2911 751 2978 Trinitatis
775 2916 874 2978 exivit
894 2915 935 2977 ab
953 2935 993 2978 eo
1011 2915 1150 2996 quedam
1175 2913 1296 2985 mulier,
1321 2934 1418 2996 quam
1437 2923 1606 2995 receperat
1629 2917 1755 2978 noviter
1778 2914 1819 2975 de
1836 2910 1983 2980 Obrithe,

433 3037 529 3098 quam
554 3018 737 3092 infestabat,
769 3034 802 3085 et
826 3025 960 3086 recessit
983 3023 1025 3084 ab
1050 3043 1090 3084 eo
1115 3024 1285 3084 etiterum
1312 3023 1438 3084 noviter
1469 3033 1545 3084 ante
1568 3041 1664 3084 unam
1690 3023 1905 3101 septimanam
1930 3019 1984 3080 du·

431 3136 525 3188 xerat
549 3146 659 3190 secum
684 3131 714 3190 in
739 3149 831 3192 curru
857 3131 1018 3210 quandam
1043 3129 1247 3192 iuvenculam
1273 3149 1346 3190 cum
1372 3149 1474 3212 puero
1498 3130 1540 3191 de
1565 3127 1739 3204 Poltowslc,
1765 3148 1828 3207 que
1852 3127 1983 3188 veniens

431 3231 494 3295 huc
518 3235 548 3294 in
573 3233 707 3297 Vinicza
732 3237 761 3297 in
788 3257 862 3299 sero
886 3239 1021 3300 recessit
1045 3236 1087 3298 ab
1112 3257 1161 3314 e0,
1185 3238 1304 3308 dicens,
1330 3237 1405 3317 quia
1429 3235 1531 3298 voluit
1554 3255 1607 3296 me
1622 3237 1810 3316 opprimere
1833 3235 1864 3295 in
1882 3253 1982 3306 curru,

431 3339 533 3402 etita
557 3341 633 3404 nolo
657 3343 842 3424 apudeum
868 3363 1010 3422 manere;
1043 3345 1084 3406 de
1109 3343 1207 3405 Anna
1232 3344 1330 3406 etde
1356 3341 1536 3405 Katherina
1561 3341 1731 3422 Kssyuamz
1756 3341 1917 3423 deposuit,
1949 3351 1984 3402 ut

430 3447 479 3509 sui
502 3459 677 3512 contestes.

538 3552 724 3636 Quintus
748 3559 841 3621 testis
858 3559 975 3621 nobilis
992 3557 1179 3640 Stephanus
1195 3558 1237 3620 de
1254 3556 1475 3621 Skorosche..
1500 3559 1679 3638 respondit.
1704 3555 1791 3636 quod
1809 3551 1984 3640 [predictus

434 3681 513 3744 mgr.
539 3661 688 3750 Iacobus]
713 3677 784 3728 tota
808 3679 906 3730 nocte
930 3667 1011 3730 bibit
1035 3670 1066 3728 in
1092 3668 1191 3729 domo
1217 3669 1348 3748 propria
1372 3685 1446 3728 cum
1471 3663 1560 3726 Kuss
1584 3677 1617 3726 et
1642 3663 1750 3724 l'anel(
1774 3663 1984 3725 tabernatori·

433 3768 493 3831 bus
517 3779 550 3832 et
573 3771 706 3834 veniens
730 3774 771 3835 ad
795 3772 964 3835 ecclesiam
997 3795 1061 3835 non
1086 3793 1224 3855 pexus..
1248 3773 1329 3835 aduc
1355 3771 1470 3848 ebrius,
1503 3772 1632 3834 indutus
1656 3768 1911 3832 sacerdotalibus
1936 3789 1984 3829 ac-

433 3877 530 3938 cessit
562 3877 603 3938 ad
627 3877 729 3942 altare
761 3879 989 3952 celebraturus,
1026 3901 1122 3963 quem
1154 3881 1303 3943 videntes
1335 3879 1521 3960 parochiani
1553 3879 1676 3940 ebrium
1709 3885 1911 3940 recesserunt
1943 3873 1983 3937 de

432 3981 576 4046 ecclesia.
601 3983 643 4048 Et
660 3988 738 4048 item
756 3987 909 4070 deposuit
933 3987 1050 4050 nobilis
1074 3987 1234 4050 Martinus
1259 3988 1299 4049 de
1318 3984 1492 4069 Ponyathy
1515 3985 1689 4054 addiciens,
1713 3984 1803 4065 quod
1820 3992 1869 4045 est
1885 3981 1984 4043 homo

432 4091 651 4164 scandalosus,
675 4113 839 4164 erroneus,
865 4094 978 4157 nullius
1003 4095 1150 4157 utilitatis
1174 4115 1234 4174 pro
1252 4093 1419 4176 parochia;
1444 4092 1544 4154 ambo
1568 4091 1732 4153 dixerunt:
1757 4091 1878 4152 utinam
1902 4091 1986 4152 dnus

433 4197 522 4260 Deus
545 4219 586 4260 eo
610 4198 746 4262 celerius
770 4221 844 4263 eum
869 4223 887 4264 a
912 4203 1005 4264 nobis
1029 4202 1217 4264 alienaret..
1243 4211 1276 4263 et
1300 4201 1341 4263 ab
1366 4199 1512 4262 ecclesia.

539 4305 618 4368 Item
637 4315 753 4388 postea
777 4309 904 4370 nobiles
928 4309 1123 4392 infrascripti
1148 4311 1362 4371 successive..
1387 4309 1563 4375 examinati
1589 4307 1785 4367 coniunctim
1811 4315 1843 4368 et
1860 4305 1984 4384 divisim

432 4413 630 4494 interrogati,
655 4415 819 4478 videlicet:
844 4414 1004 4479 Stiborius
1021 4415 1062 4478 de
1078 4415 1241 4496 Ponyathi
1266 4415 1445 4477 advocatus
1470 4416 1500 4474 in
1517 4413 1659 4486 Vinicza,
1685 4413 1831 4474 Abraam
1849 4413 1889 4474 de
1907 4409 1986 4473 Slro

434 4519 558 4590 rosche,
582 4519 696 4584 Petrus
720 4521 761 4584 de
778 4523 908 4604 ibidem,
932 4523 1086 4586 Andreas
1110 4523 1151 4584 de
1167 4522 1352 4602 Ponyathy,
1377 4521 1537 4583 Martinus
1554 4521 1594 4581 de
1612 4517 1805 4594 Skorosche,
1831 4519 1987 4580 Albertus
2064 4591 2066 4596 Ι

433 4624 473 4687 de
497 4624 696 4704 Skorosche,
734 4629 899 4692 Bronisius
932 4629 972 4692 de
997 4629 1185 4712 Lampicze,
1223 4629 1381 4690 Martinus
1413 4628 1454 4689 de
1479 4628 1595 4689 Minori
1620 4627 1755 4689 Vinicza
1786 4625 1986 4688 uniformiter

433 4733 656 4811 deposuerunt
680 4756 744 4798 non
769 4738 931 4800 valentem
957 4759 1017 4820 pro
1041 4737 1206 4818 regimine,
1232 4735 1341 4817 plures
1366 4735 1622 4798 scandalizantur
1646 4755 1688 4795 ex
1705 4755 1753 4808 eo,
1779 4753 1874 4815 quam
1900 4731 1986 4794 edisi-

433 4851 554 4916 cantur,
587 4843 663 4922 quia
686 4855 738 4906 est
761 4847 860 4906 homo
885 4846 1096 4914 incontinens,
1130 4865 1194 4905 non
1219 4843 1423 4923 exemplaris,
1457 4862 1529 4903 raro
1553 4841 1675 4903 intrans
1702 4841 1871 4903 ecclesiam
1904 4839 1987 4902 etsi

431 4948 605 5030 aliquando
630 4951 728 5014 intrat
752 4952 931 5026 ecclesiam,
961 4963 1031 5014 tum
1064 4971 1136 5012 cum
1165 4950 1319 5014 scandalo
1352 4949 1502 5010 mulieres
1525 4949 1567 5009 ab
1596 4969 1636 5010 eo
1661 4961 1782 5009 exeunt
1806 4949 1986 5029 indignate;

432 5055 493 5117 alia
519 5077 576 5135 per
599 5059 715 5128 omnia,
749 5071 783 5120 ut
808 5059 933 5140 priores
956 5069 1067 5120 testes.
1108 5055 1308 5120 Cmethones
1341 5058 1443 5118 eciam
1476 5057 1517 5119 de
1542 5055 1695 5136 parochia
1719 5055 1787 5116 eius
1819 5075 1882 5117 una
1905 5077 1985 5116 voce

433 5173 548 5244 petunt
573 5165 619 5224 eis
643 5163 711 5226 dari
735 5163 829 5226 alium
855 5186 915 5246 pro
939 5165 1104 5246 regimine.

540 5269 698 5333 Examine
723 5271 869 5351 predicto
893 5272 1013 5335 lacto..
1038 5285 1069 5334 et
1087 5283 1298 5352 comparente
1323 5271 1410 5332 dicto
1436 5289 1529 5351 mgro
1546 5269 1667 5331 lacobo
1692 5291 1733 5331 ex
1750 5269 1888 5332 adverso
1905 5270 1987 5350 prin·

432 5373 535 5458 cipali,
562 5385 679 5456 postea
703 5381 820 5440 missus
845 5379 935 5442 luit..
959 5379 1118 5442 discretus
1142 5377 1280 5440 Iacobus
1304 5377 1345 5440 de
1369 5377 1567 5458 lablecznyk
1600 5379 1835 5439 mansionarius
1859 5371 1891 5438 e't
1916 5397 1988 5456 pro-

433 5493 510 5546 tunc
534 5483 783 5548 ebdomadarius
808 5485 946 5548 ecclesie
971 5487 1002 5549 in
1019 5485 1179 5567 Vynycza
1204 5486 1245 5547 ad
1270 5483 1434 5548 citandum
1460 5486 1598 5547 eundem
1623 5505 1751 5565 mgrum
1777 5482 1928 5545 Iacobum
1946 5483 1986 5543 ad

432 5590 628 5653 audiendum
657 5593 861 5672 pronunciari
887 5594 1086 5656 voluntatem
1112 5593 1187 5654 Rmi
1212 5593 1266 5654 dni
1292 5593 1394 5654 nostri
1418 5611 1516 5672 super
1539 5611 1694 5672 processu
1719 5599 1753 5652 et
1776 5589 1987 5670 inquisicione

434 5717 491 5762 sue
517 5697 581 5762 Ptis
606 5697 698 5763 sactis
723 5711 784 5763 etc.
826 5698 1022 5782 Quiquidem
1055 5711 1212 5764 executor
1244 5697 1437 5761 relacionem
1464 5697 1548 5774 lecit,
1582 5699 1656 5780 quia
1680 5699 1791 5762 citavit
1815 5697 1988 5762 eundem..
