4392 6672
801 672 980 722 annorum
1000 667 1185 724 uro-1484.
1723 685 1759 751 51

281 771 348 775 .-
360 769 402 774 ...-
429 769 435 773 -
449 766 520 773 ---
533 765 636 774 ——-·—-
647 766 1048 773 -—-—--—.....-.-.-.-.-...-——
1071 764 1303 771 ———-—---—
1316 764 1390 769 --..-
1404 764 1425 768 -.
1442 763 1596 769 -----.
1625 763 1752 770 ....-—...

428 886 468 946 A.
498 886 589 964 1483,
615 884 689 946 Maii
716 886 768 956 28,
792 886 823 945 in
847 883 1015 946 Poltowsk
1038 885 1069 944 in
1093 884 1180 945 curia
1203 881 1390 962 episcopali.

324 1007 408 1074 136.
434 1010 531 1090 (Acta
555 1013 652 1090 episc.
678 1009 764 1088 llll..
798 1007 972 1071 Constituti
998 1007 1212 1090 personaliter
1235 1007 1321 1087 apud
1349 1015 1422 1068 acta
1447 1006 1563 1068 nobilis
1586 1005 1696 1068 Adam
1721 1007 1763 1068 de

213 1117 405 1178 Radzimino
437 1129 469 1176 et
493 1115 632 1179 Iacobus
664 1117 823 1197 plebanus
856 1117 897 1177 de
922 1115 1040 1177 ibidem
1065 1114 1141 1176 fassi
1167 1125 1241 1176 sunt
1273 1124 1306 1174 et
1329 1113 1567 1175 confitebantur
1599 1112 1704 1193 palam
1730 1123 1769 1175 et

213 1223 341 1304 publice
366 1243 400 1284 se
432 1225 516 1283 inter
539 1243 574 1284 se
598 1223 696 1285 talem
722 1221 836 1284 secisse
860 1223 1145 1302 composicionem,
1179 1219 1266 1301 quod
1292 1219 1413 1281 scilicet
1445 1219 1582 1281 lacobus
1606 1220 1763 1300 plebanus

213 1350 327 1391 omnes
351 1339 383 1390 et
408 1328 553 1408 singulos
577 1329 721 1392 redditus
746 1329 883 1391 ecclesie
907 1349 964 1391 sue
994 1331 1024 1390 in
1050 1329 1136 1389 dicta
1161 1327 1353 1389 Radzimino
1384 1327 1594 1406 disposicioni
1625 1337 1657 1389 et
1682 1328 1763 1389 ordi·

213 1437 339 1498 nacioni
363 1435 464 1516 ipsius
488 1435 542 1498 dni
567 1435 642 1497 Ade
668 1437 885 1498 commisit'et
903 1437 1083 1508 committit,
1111 1437 1163 1516 qui
1189 1433 1298 1495 Adam
1323 1431 1458 1496 habebit
1481 1433 1567 1513 apud
1593 1435 1762 1496 ecclesiam

213 1543 413 1622 presbiteros
438 1541 575 1604 idoneos
599 1563 721 1623 ponere
745 1553 785 1610 et⁴
802 1542 909 1604 locare
935 1555 967 1606 et
992 1541 1063 1604 illos
1086 1544 1157 1623 ipse
1182 1541 1341 1622 plebanus
1365 1561 1430 1602 non
1455 1541 1553 1603 debet
1576 1561 1683 1621 neque
1708 1563 1764 1622 po-

212 1651 287 1712 terit
318 1647 458 1710 alienare
492 1661 548 1712 aut
572 1651 808 1730 quoquomodo
841 1649 988 1721 evadere.
1025 1669 1085 1711 nec
1118 1667 1260 1730 unquam
1293 1647 1432 1727 aliquem
1464 1648 1681 1728 presbiterum
1712 1647 1762 1710 vel

213 1759 393 1818 ministrum
419 1757 506 1836 apud
530 1757 698 1818 ecclesiam
725 1777 848 1838 ponere
865 1759 935 1838 ipse
953 1757 1111 1837 plebanus
1137 1757 1256 1836 poterit
1273 1756 1372 1816 vitam
1389 1755 1520 1816 vivente
1537 1755 1626 1817 dicto
1643 1753 1762 1826 Adam,

212 1865 272 1926 nisi
294 1864 336 1924 de
353 1865 487 1923 consilio
504 1865 605 1941 ipsius
623 1865 730 1925 Adam
746 1865 905 1946 genitoris
929 1866 983 1934 sui,
1008 1861 1154 1944 prefatus
1172 1872 1278 1924 autem
1297 1859 1408 1922 Adam
1432 1862 1595 1923 tenebitur
1616 1859 1763 1922 honestis

212 1971 366 2051 expensis
390 1969 511 2030 dictum
528 1969 681 2030 Iacobum
701 1969 883 2048 plebanum,
909 1973 1034 2032 interim
1057 1969 1144 2050 quod
1168 1971 1199 2030 in
1225 1968 1369 2032 studio
1393 1967 1591 2048 generali
1616 1967 1642 2030 C
1651 1987 1762 2029 raco-

211 2079 350 2139 viensi
375 2077 511 2150 steterit,
537 2077 710 2156 providere
735 2089 768 2139 et
785 2077 853 2138 aliis
870 2079 1067 2142 necessariis¹
1093 2086 1209 2156 utputa
1233 2078 1379 2138 vestibus
1395 2075 1647 2155 conpetentibus
1665 2079 1761 2137 statui

212 2185 358 2258 clericali,
383 2181 473 2244 etde
491 2183 619 2244 residuo
638 2183 807 2245 ecclesiam
833 2187 934 2264 ipsam
953 2185 984 2244 in
1001 2181 1193 2245 Radzimino
1219 2181 1402 2245 reedificare
1427 2193 1460 2244 et
1477 2181 1621 2259 reficere;
1645 2183 1763 2244 obtulit

212 2311 247 2352 se
272 2293 372 2351 eciam
397 2291 467 2370 ipse
492 2289 602 2351 Adam
628 2291 715 2351 dicto
740 2289 858 2351 lacobo
883 2291 1053 2370 providere
1077 2291 1118 2351 de
1136 2292 1288 2371 pecuniis.
1312 2293 1338 2352 si
1364 2303 1395 2353 et
1412 2292 1444 2351 in
1464 2300 1619 2370 quantum
1645 2299 1762 2369 postea

212 2399 344 2459 dimisso
376 2397 483 2458 studio
515 2395 612 2458 vellet
636 2417 671 2458 se
704 2397 745 2459 ad
769 2397 898 2459 Curiam
924 2397 1108 2459 Romanam
1139 2397 1313 2459 transferre
1347 2409 1402 2458 aut
1435 2399 1461 2458 si
1486 2395 1582 2458 vellet
1615 2397 1645 2456 in
1675 2395 1762 2458 curia
1852 2479 1855 2487 Ι

212 2504 315 2567 ducali
340 2515 427 2566 stare
452 2503 652 2582 insequendo
677 2503 796 2565 curiam
821 2505 1001 2585 principum
1027 2503 1188 2578 Mazovie;
1211 2505 1282 2580 ipse
1299 2515 1406 2566 autem
1433 2504 1590 2584 plebanus
1614 2503 1762 2565 submisit

212 2634 246 2672 se
271 2621 304 2674 et
328 2611 485 2693 obligavit
510 2629 673 2690 nunqnam
700 2609 861 2690 prefatum
888 2611 996 2672 Adam
1023 2621 1148 2690 patnm
1174 2630 1266 2672 suum
1291 2611 1451 2692 aliquibus
1474 2610 1687 2672 citacionibus
1711 2631 1763 2672 ve·

212 2723 279 2780 xari
304 2729 336 2779 et
360 2721 391 2778 in
415 2737 531 2779 causas
561 2717 700 2791 trahere,
731 2717 842 2798 quoad
874 2721 1006 2790 viveret,
1041 2718 1098 2778 sed
1123 2720 1155 2779 in
1179 2718 1329 2779 omnibus
1353 2718 1413 2779 sibi
1445 2729 1479 2778 ut
1503 2719 1587 2798 patri
1621 2717 1762 2796 deserre;

214 2835 386 2906 postquam
419 2835 527 2886 autem
562 2824 705 2904 prefatus
738 2825 894 2906 plebanus
926 2826 1067 2887 studium
1092 2823 1248 2887 dimiserit
1280 2836 1312 2886 et
1336 2825 1378 2886 ad
1403 2825 1566 2906 propriam
1591 2822 1761 2886 ecclesiam

212 2933 348 3001 redierit,
374 2945 449 2992 tunc
475 2932 514 2992 de
536 2929 690 2994 fructibus
715 2932 852 2994 ecclesie
877 2953 941 3006 sue,
967 2943 1002 2994 ut
1019 2931 1168 3013 placebit,
1193 2931 1345 3012 disponet
1369 2933 1609 2993 communicato
1634 2931 1761 2993 nichilo-

212 3041 315 3100 minus
339 3037 475 3102 consilio
500 3039 602 3119 patris
627 3042 674 3100 sui
702 3039 824 3112 Adam,
850 3051 881 3101 et
905 3041 950 3101 ita
974 3041 1179 3102 concorditer
1202 3041 1311 3102 vivere
1335 3039 1433 3100 ambo
1457 3041 1708 3120 promiserunt..

422 3231 465 3294 A.
494 3233 585 3311 1483,
610 3231 806 3295 Novembris
830 3251 859 3309 4,
883 3234 914 3294 in
940 3231 1118 3314 Wyszlrow
1142 3233 1172 3293 in
1198 3233 1285 3293 curia
1307 3232 1495 3313 episcopali.

321 3351 408 3420 137.
440 3353 539 3434 (Acta
569 3359 667 3436 episc.
692 3355 776 3438 llll..
816 3357 992 3419 Constituti
1028 3357 1242 3438 personaliter
1277 3377 1386 3418 coram
1420 3356 1540 3418 Rmo..
1573 3357 1638 3419 dno
1666 3355 1761 3421 Petro

212 3463 250 3524 D.
267 3484 296 3544 g.
322 3465 481 3543 episcopo
506 3463 653 3525 Plocensi
678 3464 836 3526 honestus
860 3478 893 3526 et
909 3462 1049 3526 honeste
1072 3463 1273 3526 Laurencius
1297 3463 1475 3526 Zorlrovicz
1499 3484 1537 3524 ac
1553 3461 1766 3544 Margaretha-

211 3581 243 3631 et
268 3570 367 3630 Anna
389 3571 492 3649 ipsius
515 3587 670 3653 germane
694 3590 832 3632 unacum
857 3569 926 3633 aliis
949 3573 1015 3632 suis
1039 3571 1151 3633 amicis
1171 3591 1230 3633 suo
1255 3580 1289 3634 et
1306 3572 1436 3632 iunioris
1460 3569 1567 3632 fratris
1591 3572 1637 3631 sui
1662 3571 1761 3632 nomi·

210 3677 303 3740 nibus
334 3677 516 3740 lamentose
547 3679 654 3759 questi
685 3687 760 3741 sunt
788 3689 1012 3758 proponentes
1046 3689 1159 3739 contra
1191 3677 1301 3739 honor.
1327 3675 1496 3740 Nicolaum
1528 3677 1704 3758 plebanum
1730 3679 1760 3739 in

211 3785 433 3856 Wischkowo,
458 3785 546 3866 quod
563 3785 685 3848 scilicet
709 3787 853 3866 ipsorum
871 3797 1006 3846 matrem
1033 3785 1208 3848 Barbaram
1233 3786 1405 3864 coniugem
1431 3785 1557 3846 Nicolai
1573 3783 1661 3847 Zork
1677 3787 1759 3864 ipso·

210 3913 277 3952 rum
304 3895 406 3972 patris
431 3911 516 3953 anno
540 3896 678 3955 currenti
712 3893 752 3954 de
777 3905 868 3955 certo
891 3911 1003 3954 mense
1028 3893 1107 3954 dure
1131 3891 1322 3964 verberavit,
1354 3893 1396 3954 de
1420 3903 1453 3954 et
1484 3913 1590 3973 aqua
1615 3893 1761 3954 verbera·

209 4001 302 4060 cione
334 3997 419 4061 dicta
444 3999 587 4060 Barbara
619 3997 779 4061 infirmata
804 3999 862 4062 fuit
894 4011 926 4060 et
952 4001 1150 4062 decumbens
1183 3999 1345 4078 prelatum
1381 3999 1551 4061 Nicolaum
1586 3999 1760 4080 plebanum

208 4107 249 4169 de
275 4115 379 4169 morte
404 4107 465 4168 sibi
488 4108 668 4170 imminenti
693 4107 846 4188 culpabat
877 4120 910 4171 et
935 4103 1129 4170 inclamabat
1153 4109 1202 4170 his
1231 4107 1283 4169 vel
1307 4104 1464 4168 similibus
1488 4105 1606 4168 verbis:
1640 4105 1673 4168 A
1698 4127 1758 4169 ma·

208 4215 301 4276 nibus
328 4213 453 4276 Nicolai
478 4213 606 4294 plebani
632 4216 752 4275 morior
776 4218 844 4276 sive
868 4217 1024 4278 moritura
1051 4233 1136 4293 sum;
1168 4226 1201 4277 et
1224 4215 1356 4277 tandem
1380 4215 1412 4274 in
1437 4213 1551 4275 eadem
1576 4211 1760 4277 infirmitate

209 4333 335 4383 mortua
361 4322 481 4384 initae
505 4321 589 4382 diem
614 4319 729 4384 clausit
754 4331 946 4384 extremum.
986 4321 1038 4383 Ex
1062 4323 1200 4382 adverso
1232 4322 1390 4402 plebanus
1418 4319 1524 4382 lassus
1548 4329 1598 4382 est
1622 4320 1760 4382 eandem

208 4427 382 4490 Barbaram
407 4429 598 4491 verberasse
622 4430 669 4489 uti
686 4449 776 4490 suam
801 4430 963 4492 subditam
989 4431 1171 4510 corrigendi
1196 4449 1292 4491 causa
1317 4440 1350 4490 et
1368 4431 1577 4509 percussione
1601 4428 1759 4498 modesta,

209 4537 282 4616 quia
306 4537 393 4597 resti.
426 4533 476 4596 Ex
501 4537 640 4598 adverso
663 4533 866 4598 Laurencius
890 4557 949 4597 suo
974 4547 1008 4598 et
1031 4555 1177 4598 sororum
1203 4555 1333 4597 suarum
1358 4555 1396 4596 ac
1421 4533 1528 4597 fratris
1552 4535 1682 4597 iunioris
1707 4555 1760 4596 no-

208 4641 346 4704 minibus
377 4641 563 4722 replicando
589 4639 794 4728 [proposuitl.
821 4643 907 4723 quod
925 4663 990 4704 non
1007 4643 1083 4705 resti
1102 4663 1173 4705 eam
1192 4643 1383 4718 verberavit,
1409 4643 1466 4704 sed
1483 4643 1570 4704 ulmo
1587 4642 1761 4723 vulgariter

207 4761 304 4827 tycaq,
330 4767 426 4828 quam
452 4749 571 4810 ulmum
596 4751 666 4829 ipsa
690 4749 832 4811 Barbara
857 4749 991 4811 fractam
1016 4749 1047 4810 in
1069 4750 1202 4811 domum
1228 4770 1318 4811 suam
1344 4750 1460 4826 attulit,
1486 4771 1527 4813 ex
1544 4770 1607 4830 qua
1632 4769 1760 4830 percus-

208 4858 298 4917 sione
323 4857 393 4935 ipsa
410 4853 551 4917 Barbara
575 4856 766 4919 medebatur
790 4877 854 4937 ope
871 4857 1109 4938 cirurgicorum,
1136 4867 1252 4937 petens
1276 4877 1347 4918 eum
1366 4859 1406 4918 ad
1424 4855 1615 4919 solvendum
1641 4877 1758 4938 penam

207 4965 322 5044 capitis
348 4981 406 5043 pro
431 4978 535 5025 matre
559 4965 666 5026 occisa
692 4962 850 5046 compelli,
875 4962 1016 5025 offerens
1041 4985 1075 5025 se
1100 4973 1220 5044 negata
1244 4964 1469 5044 probaturum;
1493 4973 1526 5025 et
1549 4961 1653 5024 Rmus
1677 4961 1759 5024 dnus

208 5069 391 5151 Episcopus
416 5072 559 5133 decrevit
585 5072 802 5151 probaciones
826 5091 885 5152 per
909 5071 1140 5152 conquirentes
1164 5069 1267 5132 fieri..

420 5263 460 5326 Α.
491 5265 582 5341 1484,
605 5263 715 5325 Martii
740 5279 789 5342 31,
814 5265 845 5324 in
871 5262 1038 5326 Poltowsk
1063 5263 1094 5324 in
1118 5265 1205 5325 curia
1229 5261 1416 5344 episcopali.

319 5382 404 5452 138.
437 5385 742 5470 (Actaepisc.111).
782 5387 818 5450 ln
849 5407 947 5450 causa
979 5408 1084 5450 vener.
1110 5389 1164 5450 dni
1190 5387 1274 5449 Petri
1308 5385 1581 5468 Pomnichowsky
1613 5386 1757 5446 canonici

206 5493 380 5568 PlocensiS,
415 5507 530 5556 contra
561 5495 736 5558 honestum
768 5495 965 5557 leronimum
991 5495 1114 5576 laroch‚
1147 5494 1347 5576 oppidanum
1380 5495 1421 5554 de
1445 5493 1638 5567 Zaeroczim,
1677 5493 1757 5554 dnus

207 5603 383 5663 canonicus
410 5653 416 5664 .
440 5604 621 5683 proposuit,
647 5603 734 5682 quod
752 5605 822 5683 ipse
844 5602 884 5663 ad
902 5603 975 5664 olim
994 5601 1166 5663 honestum
1193 5601 1360 5664 llartinum
1387 5599 1540 5662 Mroczek
1556 5599 1596 5660 de
1613 5603 1759 5662 Cassoua

206 5707 343 5772 credidit
376 5720 410 5770 et
433 5709 565 5772 tradidit
590 5722 720 5770 centum
745 5711 850 5771 minus
875 5729 936 5770 una
960 5719 1051 5770 cutes
1082 5709 1229 5787 vulpinas
1261 5727 1357 5770 causa
1382 5707 1517 5769 faciendi
1551 5705 1701 5786 pelliceas
1726 5718 1759 5767 et
