4392 6672
884 668 972 718 inm
993 666 1070 721 1477.
1707 687 1748 754 45

203 755 502 764 ————-—-—-.-.--
514 759 537 762 —
548 757 672 764 .---.-..
683 759 821 765 .-..-.-.-...-.
830 759 859 766 .-
875 760 1006 766 -..-...
1238 761 1441 772 .---.-.-.

200 887 285 945 tone,
310 877 475 938 camisiam
500 897 561 958 pro
577 877 609 939 V
626 899 681 958 gr..
707 880 892 960 tergistrum
911 880 989 942 alias
1005 879 1102 942 rabek
1118 899 1179 961 pro
1194 881 1306 956 tribus,
1330 880 1363 943 X
1379 881 1473 944 ulnas
1487 883 1553 946 tele
1569 904 1629 966 pro
1645 884 1678 946 X
1695 905 1751 967 gr„

200 983 349 1045 camisias
372 983 452 1045 alias
474 982 606 1061 kosulky
630 1005 690 1064 pro
714 984 758 1046 III
781 1006 838 1066 gr„
861 986 991 1048 bursam
1015 985 1138 1066 myesek
1162 1007 1222 1069 pro
1246 987 1275 1048 II
1299 1009 1352 1068 gr..
1378 988 1524 1052 cultellos
1549 1011 1609 1071 pro
1633 991 1680 1054 IV
1695 1013 1752 1074 gr„

200 1088 330 1151 collaria
354 1089 433 1152 alias
456 1088 601 1154 konlerae
625 1113 684 1171 pro
709 1091 752 1154 III
776 1113 831 1173 gr„
862 1093 1047 1173 zapasnyky
1070 1101 1145 1168 tres,
1170 1094 1235 1155 duo
1258 1095 1364 1175 pepla,
1393 1106 1509 1175 petens
1533 1099 1685 1178 compelli
1709 1099 1752 1162 ad

201 1197 443 1260 restitucionem
461 1197 577 1261 iniuste
594 1196 790 1275 ablatorum;
807 1197 979 1272 infamiam,
1001 1199 1310 1263 dehonestacionem
1327 1203 1497 1265 extimavit
1513 1203 1554 1265 ad
1571 1203 1669 1266 XXX
1685 1205 1752 1268 flor.

201 1300 253 1362 Ex
277 1303 415 1366 adverso
439 1303 554 1366 nobilis
578 1305 718 1368 obtinuit
742 1308 914 1368 terminum
939 1306 1203 1370 deliberatorium
1227 1309 1268 1370 ad
1294 1309 1500 1387 quindenam.

414 1495 456 1560 A.
485 1513 575 1578 1477.
601 1496 755 1562 Octobris
780 1515 830 1572 22,
855 1501 885 1560 in
910 1500 1103 1562 consIstori0
1128 1500 1354 1566 Polthoviensi.

312 1615 398 1686 122.
424 1620 522 1702 (Acta
545 1620 628 1684 olfic.
650 1621 715 1702 lvi.
740 1621 900 1686 Iohannes
924 1623 1211 1706 Parszrznyewski‚
1236 1627 1411 1689 canonicus
1434 1624 1657 1703 PoltoviensiS‚
1682 1649 1753 1708 pro·

201 1740 331 1790 curator
361 1729 477 1791 nobilis
509 1729 634 1791 Nicolai
666 1727 867 1812 Sarnowsk'y
901 1732 1067 1794 substituit
1102 1733 1278 1796 dIscretum
1311 1733 1473 1795 Thomam
1505 1733 1690 1816 Sakowslry
1720 1737 1752 1796 in

203 1844 446 1914 procuratorem
479 1837 622 1898 eiusdem
656 1835 856 1920 Sarnowsky
888 1841 919 1900 in
943 1840 1093 1900 omuibus
1118 1841 1223 1902 causis
1246 1839 1429 1920 specialiter
1460 1842 1492 1901 in
1516 1859 1622 1914 causa,
1655 1860 1752 1921 quarn

202 1942 301 2004 habet
325 1962 398 2004 cum
422 1943 521 2006 nobili
546 1943 708 2006 Mathia
733 1946 940 2008 citarista
964 1945 1086 2008 domiui
1111 1956 1143 2008 et
1167 1945 1297 2008 illustris
1322 1947 1475 2028 principis
1498 1945 1700 2010 Boleslai.

416 2136 458 2198 A.
487 2151 578 2218 1477,
603 2137 796 2200 Decembris
822 2153 849 2218 3,
875 2139 905 2199 in
930 2141 1122 2202 consistorio
1147 2138 1376 2203 Poltboviensi.

316 2255 399 2325 123.
431 2259 528 2340 (Acta
553 2260 634 2323 offic.
659 2261 724 2343 IV).
765 2261 801 2324 In
826 2281 923 2326 causa
946 2263 1074 2326 honesti
1098 2263 1225 2326 Nicolai
1258 2265 1299 2326 de
1323 2262 1484 2345 Czyzewo
1514 2285 1587 2328 curn
1611 2265 1755 2328 discreto

202 2369 299 2430 Petro
331 2369 371 2430 de
403 2367 543 2448 Morany
567 2370 686 2430 vicario
718 2371 749 2429 in
775 2367 944 2450 Czyzewo,
981 2371 1092 2432 honor.
1115 2371 1288 2446 Iohannes,
1323 2372 1499 2433 canonicus
1531 2371 1755 2444 PoltovIensiS,

203 2486 393 2557 procurator
418 2475 533 2556 layci..
559 2477 731 2556 proposuit
755 2487 871 2538 contra
887 2476 1102 2556 presbiterum
1129 2497 1189 2558 pro
1205 2497 1254 2552 eo,
1279 2477 1354 2558 quia
1378 2480 1449 2558 ipse
1473 2477 1587 2540 Petrus
1611 2478 1652 2540 de
1668 2498 1754 2540 anno

204 2582 265 2644 Dni
290 2581 325 2642 M
348 2592 409 2643 etc.
434 2581 592 2643 LXXVII
624 2583 654 2642 in
679 2582 731 2644 die
755 2581 895 2644 Simonis
927 2593 960 2645 et
984 2581 1063 2644 Iude
1086 2583 1311 2663 apostolorum
1343 2585 1427 2646 circa
1459 2595 1608 2664 quartam
1640 2583 1754 2646 horam

203 2689 308 2752 noctis
324 2689 364 2750 ad
382 2675 488 2768 ipsum
505 2687 676 2751 Nicolaum
692 2689 934 2752 tabernatorem
952 2691 1084 2752 veniens
1101 2709 1174 2752 cum
1191 2688 1301 2771 gladio
1319 2685 1376 2776 [et]
1389 2689 1474 2753 Iusta
1487 2691 1518 2752 in
1535 2690 1667 2752 domum
1685 2689 1755 2752 laici

203 2799 290 2876 cepit
314 2799 405 2860 uxori
429 2796 530 2860 verba
554 2795 727 2860 inhonesta
750 2807 783 2859 et
799 2799 905 2876 turpia
929 2797 1045 2871 dicere,
1069 2807 1103 2859 et
1119 2797 1218 2858 laicus
1241 2797 1356 2860 volens
1379 2798 1485 2879 ipsum
1510 2799 1609 2862 modo
1633 2798 1756 2878 pulcer·

203 2905 284 2965 rimo
308 2904 349 2966 de
373 2904 474 2966 domo
499 2924 557 2966 sua
582 2905 722 2966 evadere
746 2905 828 2967 dixit
852 2901 905 2964 llli:
939 2901 1003 2964 dne
1027 2902 1124 2965 Pater
1154 2903 1231 2966 date
1254 2904 1353 2966 miehi
1383 2923 1498 2984 pacem
1530 2903 1649 2988 domui,
1681 2904 1756 2985 quia

202 3021 332 3092 tempus
356 3020 407 3073 est
430 3010 524 3073 vobiS
556 3011 618 3072 iam
644 3010 799 3087 dormire;
831 3011 958 3090 etipse
983 3019 1100 3090 postea
1130 3009 1212 3090 laico
1240 3013 1411 3095 insurgens
1442 3013 1616 3092 evaginato
1647 3011 1756 3093 gladio

204 3116 382 3180 vulneravit
413 3119 518 3197 ipsum
552 3096 585 3182 et
609 3118 714 3180 intulit
739 3117 798 3180 sibi
823 3120 885 3178 tria
909 3116 1055 3180 vulnera:
1086 3137 1186 3180 unum
1217 3117 1312 3181 letale
1345 3131 1511 3182 cruentum
1543 3122 1576 3181 in
1599 3130 1698 3200 caput
1722 3129 1756 3182 et

204 3227 267 3288 duo
292 3226 398 3288 livida:
433 3245 529 3287 unum
561 3227 603 3289 ad
626 3236 726 3306 caput
754 3236 788 3290 et
811 3225 897 3287 aliud
928 3226 959 3286 in
986 3243 1125 3298 manum,
1158 3243 1221 3304 que
1245 3223 1376 3288 vulnera
1400 3236 1434 3289 et
1456 3225 1557 3288 verba
1580 3225 1626 3288 ita
1649 3227 1755 3307 turpia

204 3335 340 3395 extimat
371 3335 413 3396 ad
437 3331 520 3395 XVI
545 3332 681 3395 ducatos
713 3334 782 3412 puri
806 3335 905 3394 auri..
946 3331 1028 3394 Item
1061 3327 1256 3417 [proposuit]
1281 3351 1342 3412 pro
1366 3352 1416 3406 eo,
1448 3333 1522 3412 quia
1546 3334 1616 3413 ipse
1640 3332 1755 3396 eadem

205 3453 301 3503 nocte
325 3461 397 3502 cum
422 3439 583 3521 aliquibus
608 3437 777 3510 nobiIibus‚
803 3459 886 3520 quos
902 3451 980 3502 tunc
996 3439 1109 3500 habuit
1133 3440 1164 3500 in
1185 3439 1284 3500 domo
1300 3459 1366 3514 sua,
1391 3439 1527 3502 scilicet:
1542 3437 1677 3501 Andrea
1700 3437 1756 3500 Ze·

205 3549 288 3616 malr.
320 3547 460 3608 Alberto
484 3547 525 3608 de
548 3544 716 3630 Syenycza
743 3558 776 3609 et
801 3547 898 3609 Petro
922 3546 1145 3626 Markowsky,
1170 3557 1383 3608 excusserunt
1413 3546 1520 3608 hostia
1543 3545 1687 3608 eiusdem
1712 3556 1757 3608 ta·

204 3654 385 3715 bernatoris
409 3653 450 3714 ad
473 3654 633 3732 palacium
658 3654 748 3716 etad
773 3653 937 3716 cellarium
962 3665 995 3714 et
1012 3654 1057 3714 sle
1083 3663 1274 3732 receperunt
1298 3653 1439 3716 medIam
1463 3664 1597 3715 tunnam
1621 3653 1756 3716 cervisie

205 3771 237 3822 et
261 3760 431 3823 ebiberunt
454 3762 485 3820 in
512 3762 611 3823 domo
635 3763 779 3824 eiusdem
806 3763 987 3843 presbiteri,
1012 3773 1045 3822 et
1070 3762 1116 3823 sic
1140 3770 1345 3823 recesserunt
1368 3761 1501 3823 domum
1526 3770 1674 3842 apertam
1699 3755 1757 3844 [re-

206 3864 400 3952 linquentes]
421 3877 466 3928 'et
490 3869 531 3928 ibi
557 3887 676 3948 pecora
701 3879 885 3930 sumserunt
909 3879 942 3930 et
966 3867 1119 3948 pecudes,
1151 3888 1214 3948 que
1238 3867 1382 3948 dampna
1406 3867 1552 3931 iecerunt
1583 3869 1614 3928 in
1640 3866 1757 3930 braseo

205 3976 292 4037 etin
316 3973 385 4036 aliis
409 3975 513 4048 rebus,
538 3995 600 4055 que
625 3977 733 4036 omnia
758 3976 894 4036 extimat
918 3977 959 4037 ad
983 3975 1124 4038 mediam
1148 3993 1350 4055 sexagenam
1374 3995 1421 4056 gr.
1445 3977 1476 4036 in
1500 3974 1624 4048 mediis,
1656 3993 1757 4054 quare

206 4085 287 4163 petit
311 4081 353 4144 ad
377 4081 576 4143 solucionem
601 4081 733 4163 dampni
761 4078 971 4168 [compelli]..

413 4273 453 4335 A.
483 4287 575 4354 1477,
599 4275 790 4338 Decembris
813 4293 842 4356 9.
868 4275 899 4338 in
922 4275 1117 4338 consistorio
1142 4273 1373 4338 Polthoviensi.

315 4395 403 4464 124.
433 4397 534 4476 (Acta
558 4398 643 4462 offic.
668 4400 757 4481 lvi..
792 4401 959 4464 Discretus
983 4399 1124 4462 Mathias
1156 4399 1317 4478 presbiter
1347 4399 1389 4462 de
1415 4398 1539 4460 Lomza
1562 4397 1757 4460 relacionem

205 4505 288 4578 fecit,
313 4507 388 4585 quia
411 4507 521 4568 citavit
545 4507 715 4587 providum
741 4506 897 4570 Mathiam
923 4505 1119 4588 Schepielak
1142 4507 1183 4567 de
1200 4506 1319 4570 ibidem
1344 4507 1385 4568 ad
1409 4507 1598 4567 instanciam
1624 4503 1759 4568 Derslai.

207 4601 247 4675 Et
263 4615 294 4673 in
312 4613 443 4674 instanti
467 4612 555 4675 dicto
571 4614 672 4676 citato
696 4627 907 4694 comparente
931 4612 1090 4674 discretus
1114 4609 1269 4674 Derslaus
1287 4613 1423 4674 vicarius
1448 4612 1478 4672 in
1500 4611 1625 4673 Lomza
1641 4631 1758 4693 propo·

205 4721 268 4782 suit
292 4718 403 4790 verbo,
436 4721 604 4798 quomodo
628 4721 668 4782 de
692 4740 778 4782 anno
803 4722 945 4802 presenti
978 4718 1149 4780 Dominica
1181 4729 1257 4780 ante
1280 4719 1409 4781 Martini
1441 4721 1514 4798 ipso
1538 4719 1703 4781 residente
1727 4721 1759 4780 in

205 4825 304 4887 domo
328 4825 382 4888 dni
407 4826 536 4906 plebani
570 4827 704 4889 veniens
737 4829 841 4890 dictus
872 4827 1012 4889 Mathias
1041 4826 1156 4904 petivit
1181 4826 1359 4906 predictum
1396 4825 1567 4887 Derslaum
1603 4835 1759 4906 tanquam

206 4934 493 5004 commendarium,
517 4943 552 4996 ut
568 4935 726 5014 quosdam
752 4934 901 4996 homines
926 4933 1130 5014 permitteret
1154 4931 1298 5012 copulari
1323 4931 1423 4993 semel
1448 4940 1574 4992 tantum
1592 4931 1758 5011 premissis

206 5041 329 5111 bannis.
354 5039 473 5122 illeque
490 5041 597 5103 facere
613 5042 723 5114 noluit,
749 5040 894 5122 allegans
911 5040 979 5103 lore
995 5041 1149 5112 illicitum,
1166 5041 1336 5119 dictusque
1352 5036 1494 5100 Mathias
1510 5047 1647 5100 extenta
1663 5057 1758 5100 manu

207 5255 320 5318 dicens
345 5257 429 5319 inter
453 5266 574 5318 cetera:
598 5253 631 5317 Si
655 5277 719 5337 ego
744 5265 776 5317 te
799 5257 953 5318 haberem
978 5258 1008 5318 in
1034 5256 1179 5328 taberna,
1204 5254 1410 5316 Inlormarem
1435 5263 1468 5314 te
1492 5251 1619 5328 melius;
1643 5250 1759 5331 illeque

205 5372 408 5446 protestatus
433 5374 483 5426 est
505 5362 691 5425 hominibus
715 5365 997 5426 circumstantibus
1021 5377 1054 5426 et
1079 5365 1209 5424 notario
1233 5361 1363 5442 publico
1395 5361 1436 5422 de
1460 5359 1617 5421 violencia
1642 5359 1759 5420 domus

205 5469 335 5552 plebani
368 5480 401 5533 et
425 5490 565 5550 persone
598 5491 655 5534 sue
680 5490 824 5551 moxque
849 5473 906 5532 lvit
937 5472 979 5533 ad
1002 5471 1153 5532 consules
1177 5471 1255 5549 ipsis
1279 5488 1413 5530 narrans
1437 5466 1557 5529 factum
1583 5465 1759 5544 statImque

205 5575 356 5640 consules
373 5579 530 5641 miserunt
547 5599 606 5658 pro
622 5598 677 5654 eo;
701 5597 774 5639 cum
792 5579 887 5650 venit,
915 5577 1037 5638 domini
1062 5579 1270 5657 quesiverunt
1294 5594 1367 5637 eum
1392 5575 1433 5636 de
1450 5574 1551 5650 facto;
1575 5573 1629 5634 ille
1649 5573 1758 5634 statim

206 5685 302 5748 dixit:
334 5705 467 5765 possum
491 5685 532 5748 de
556 5705 597 5746 eo
621 5685 716 5767 loqui,
749 5685 826 5767 quia
849 5685 957 5746 inveni
988 5705 1060 5745 eum
1091 5705 1162 5746 cum
1188 5681 1319 5746 mullere
1351 5683 1522 5746 iacentem.
1560 5678 1760 5760 Dominique
