4458 6674
952 709 1042 759 ANNI
1061 709 1138 764 1502.

479 923 520 984 A.
549 936 640 1002 1502,
664 922 742 984 Maii
770 939 817 997 11,
842 925 873 984 in
896 923 1037 1006 Iunyecz
1060 925 1093 987 in
1116 925 1202 987 curia
1227 927 1414 1007 episcopali.

372 1042 462 1111 214.
486 1045 585 1127 (Acta
605 1047 702 1128 episc.
726 1046 810 1118 lai..
834 1047 993 1112 Testes
1017 1069 1115 1130 super
1137 1049 1316 1112 insolencia
1339 1062 1372 1114 et
1388 1051 1578 1115 excessibus
1603 1053 1734 1116 discreti
1751 1055 1817 1126 Ma·

264 1153 330 1216 thie
356 1155 463 1215 vicarii
496 1157 526 1214 in
552 1151 702 1216 Crislro..
734 1156 910 1218 examinati
942 1176 980 1218 ac
1004 1155 1162 1220 violencia
1192 1157 1330 1221 ecclesie
1366 1167 1399 1222 et
1430 1161 1587 1223 cimiterio
1622 1182 1681 1245 per
1711 1163 1816 1244 ipsum

265 1262 350 1324 iacta
374 1259 511 1323 ecclesie
535 1261 567 1322 in
592 1259 759 1324 Grodzecz
784 1273 817 1324 et
842 1263 958 1342 primo:

372 1369 540 1431 Discretus
556 1368 717 1431 Iohannes
741 1369 878 1432 vicarius
902 1371 932 1431 in
952 1367 1151 1433 Grodzecz,.
1176 1373 1352 1453 respondit,
1378 1374 1465 1454 quod
1490 1373 1654 1455 predictus
1678 1375 1818 1439 Mathias

264 1476 401 1539 vicarius
425 1476 456 1537 in
474 1473 590 1536 Crisko
614 1495 674 1556 per
690 1477 852 1558 integrum
870 1475 937 1538 fere
954 1496 1072 1538 annum
1090 1488 1140 1540 est
1156 1479 1328 1541 continuus
1347 1482 1377 1540 in
1399 1477 1565 1543 Grodzecz
1582 1493 1615 1544 et
1631 1481 1817 1563 frequentat

265 1584 306 1647 ad
330 1584 428 1646 dnam
453 1581 646 1663 Copczowa,
685 1603 781 1664 quem
809 1585 903 1646 testis
933 1583 1132 1666 aliquociens
1163 1585 1283 1648 ibidem
1317 1587 1349 1648 in
1372 1589 1491 1649 curiam
1523 1609 1615 1651 suam
1647 1589 1818 1654 divertisse

264 1691 351 1752 vidit.
377 1689 609 1771 Interrogatus
634 1691 660 1751 si
685 1701 736 1753 est
760 1701 932 1771 suspectus
956 1691 996 1753 de
1020 1691 1144 1766 eadem,
1177 1693 1253 1754 testi
1285 1693 1381 1755 nichil
1415 1705 1554 1758 constat.
1592 1695 1817 1778 Interrogatus

264 1798 305 1859 de
329 1796 518 1857 excessibus
542 1807 575 1858 et
599 1797 775 1859 insolencia
801 1797 917 1878 prelati
941 1797 1073 1870 Mathie,
1097 1801 1173 1862 testi
1199 1820 1264 1862 non
1288 1811 1418 1864 constat
1442 1822 1485 1863 ex
1505 1824 1555 1875 e0,
1579 1807 1655 1883 quia
1678 1825 1750 1867 cum
1776 1827 1816 1867 eo

265 1925 327 1964 non
353 1904 522 1965 consuevit
553 1905 703 1965 residere.
743 1904 975 1986 Interrogatus
1008 1905 1035 1967 si
1058 1904 1231 1986 aliquando
1263 1917 1378 1970 contra
1402 1909 1507 1988 ipsum
1539 1930 1637 1992 super
1660 1910 1816 1976 violencia

263 2009 425 2091 pulsatum
451 2009 553 2084 luerit,
578 2013 755 2092 respondit,
782 2011 869 2092 quod
893 2012 956 2075 bis:
981 2033 1044 2074 una
1061 2015 1131 2075 vice
1155 2035 1290 2095 presens
1314 2014 1462 2089 nonfuit,
1488 2019 1562 2098 quia
1579 2017 1637 2080 luit
1655 1993 1815 2099 in¹patria,

262 2118 323 2180 alia
346 2120 417 2180 vice
442 2116 519 2180 vidit
551 2128 584 2179 et
608 2118 730 2180 audivit
755 2121 874 2198 pulsari
898 2139 1091 2201 campanam
1123 2121 1155 2182 in
1180 2142 1276 2184 unam
1302 2134 1427 2203 partem
1458 2133 1492 2186 et
1514 2125 1664 2188 homines
1689 2126 1761 2189 ville
1784 2130 1816 2189 iu

263 2223 429 2288 Grodzecz
446 2225 486 2286 ad
505 2224 695 2287 violenciam
713 2239 944 2290 concurrentes
961 2229 1022 2289 iam
1042 2237 1146 2300 nocte,
1171 2231 1265 2291 testis
1282 2231 1393 2292 audito
1410 2231 1505 2312 pulsu
1521 2252 1679 2314 campane
1696 2255 1714 2295 e
1731 2233 1816 2298 lecto

263 2333 402 2396 surrexit
426 2342 459 2394 et
483 2332 606 2393 vicinos
630 2334 856 2414 interrogavit,
883 2355 983 2416 quare
1007 2334 1174 2416 pulsarent
1198 2349 1230 2398 et
1255 2356 1355 2418 quare
1379 2349 1612 2417 convenerunt;
1638 2341 1815 2421 respondit,

264 2441 337 2522 quia
361 2439 503 2502 Mathias
527 2439 657 2500 Roman
682 2439 842 2520 presbiter
867 2442 1022 2522 percuttit
1047 2441 1173 2506 etfacit
1197 2443 1398 2506 violenciam.
1423 2443 1504 2507 Item
1528 2447 1749 2528 interrogatus
1773 2447 1814 2511 de

263 2547 428 2609 invasione
452 2543 587 2619 Nicolai,
619 2547 755 2608 ministri
780 2547 867 2610 scole
898 2549 929 2609 in
955 2545 1128 2625 Grodzecz,
1163 2549 1340 2630 respondit,
1372 2550 1461 2631 quod
1484 2549 1505 2613 l.
1529 2551 1601 2615 Vp·
1621 2575 1715 2636 prox.
1740 2565 1815 2618 ante

261 2653 399 2734 Philippi
424 2662 457 2715 et
480 2651 590 2716 Iacobi
614 2666 719 2735 apost.
752 2657 898 2716 minister
928 2655 1017 2717 scole
1049 2657 1080 2716 in
1105 2653 1272 2720 Grodzecz
1304 2657 1390 2720 misit
1422 2669 1557 2738 propter
1588 2659 1709 2724 clawos
1733 2661 1816 2725 duos

262 2760 405 2825 scolares
428 2761 459 2822 in
477 2759 602 2830 Crisko,
627 2761 742 2841 quibus
759 2759 937 2824 scolaribus
963 2763 1102 2825 Mathias
1120 2765 1280 2844 presbiter
1296 2765 1386 2828 dedit
1403 2765 1519 2829 librum
1536 2768 1814 2843 sermocionalem,

263 2882 296 2930 ut
321 2868 483 2932 deferrent
507 2871 538 2929 in
565 2867 739 2943 Grodzecz,
764 2871 904 2932 crastina
929 2871 980 2932 die
998 2871 1137 2933 Matthias
1162 2872 1322 2952 presbiter
1339 2872 1477 2936 sabbato
1494 2877 1583 2938 venit
1600 2877 1631 2938 in
1648 2875 1815 2940 Grodzecz

262 2983 295 3038 et
318 2976 456 3037 sedebat
478 2975 509 3036 in
533 2974 692 3038 thaberna
715 2996 788 3038 cum
813 2963 955 3040 discreto
979 2975 1143 3041 Stanislao
1167 2979 1287 3042 vicario
1310 2989 1344 3042 et
1360 2978 1497 3042 Nicolao
1521 2981 1669 3047 mihistro
1685 2985 1716 3045 in
1734 2982 1815 3047 Gro-

262 3082 357 3145 dzecz
381 3083 532 3146 bibentes
556 3093 589 3146 et
612 3095 689 3146 ante
713 3084 840 3165 pulsum
866 3105 1076 3166 vesperorum
1101 3085 1244 3148 Mathias
1268 3087 1429 3166 presbiter
1453 3089 1509 3152 ivit
1532 3089 1565 3149 in
1587 3090 1720 3153 domum
1745 3090 1816 3155 Sta·

261 3188 350 3252 nislai
375 3190 492 3264 vicarii,
516 3191 566 3252 cui
590 3210 773 3254 sermonem
798 3193 993 3266 resumebat,
1018 3204 1051 3256 et
1076 3195 1106 3254 ln
1123 3193 1177 3255 illo
1201 3193 1282 3256 libro
1307 3214 1373 3256 non
1397 3195 1519 3276 reperit
1542 3208 1665 3259 certum
1690 3208 1814 3260 sexter-

261 3315 351 3374 num;
375 3298 427 3378 qui
452 3301 541 3361 venit
565 3299 607 3360 ad
630 3309 750 3362 testem
774 3300 815 3362 ad
839 3300 1063 3380 inquirendum
1089 3311 1289 3371 sexternum
1313 3311 1346 3364 et
1366 3301 1501 3364 tandem
1524 3302 1669 3366 similiter
1692 3303 1749 3366 ivit
1772 3305 1814 3366 ad

261 3405 380 3466 scolam
413 3405 453 3468 ad
479 3405 633 3468 lectorem
659 3407 862 3488 inquirendo,
896 3408 923 3469 si
946 3407 1044 3470 sciret
1067 3406 1108 3469 de
1132 3428 1181 3470 eo.
1221 3406 1296 3489 Quo
1321 3429 1386 3470 non
1410 3409 1543 3473 invento
1575 3410 1738 3492 pulsatum
1763 3422 1815 3474 est

260 3512 301 3574 ad
325 3532 478 3594 vesperas
509 3525 542 3576 et
567 3517 712 3594 peractis
730 3515 875 3594 vesperis
906 3517 938 3576 in
962 3515 1120 3578 cimiterio
1152 3516 1239 3596 cepit
1263 3515 1404 3578 Mathias
1427 3516 1591 3598 presbiter
1623 3519 1813 3580 aministro

260 3630 409 3700 repetere
433 3631 622 3682 sexternum
652 3630 684 3681 et
709 3620 839 3682 tandem
873 3624 904 3682 in
928 3618 1013 3683 illurn
1039 3641 1112 3683 cum
1137 3622 1240 3684 cultro
1262 3625 1379 3687 invasit
1410 3625 1442 3686 iu
1466 3624 1632 3700 cimiterio,
1666 3626 1814 3686 ministro

258 3728 403 3790 similiter
427 3725 561 3790 cultrum
586 3726 729 3790 habente
753 3730 970 3808 evaginatum,
1002 3727 1152 3792 hincinde
1184 3731 1216 3790 in
1240 3751 1276 3792 se
1299 3732 1465 3807 irruentes,
1499 3743 1532 3793 et
1555 3733 1688 3794 tandem
1721 3732 1814 3794 testis

260 3835 385 3906 timens
416 3835 551 3916 nequis
583 3856 617 3896 se
643 3835 768 3897 illorum
800 3834 936 3911 lesisset,
969 3839 1077 3918 posuit
1101 3857 1136 3898 se
1162 3837 1302 3898 medium
1333 3839 1417 3901 inter
1439 3838 1529 3918 ipsos
1560 3847 1594 3900 et
1617 3837 1815 3900 defendebat

259 3943 453 4019 ministrum;
483 3944 630 4004 ministro
654 3943 781 4006 dicente
812 3955 846 4007 et
870 3954 1002 4024 petente
1035 3965 1095 4025 pro
1118 3943 1200 4020 Deo,
1233 3953 1268 4006 ut
1291 3943 1432 4008 Mathias
1456 3945 1615 4026 presbiter
1637 3945 1730 4008 daret
1754 3945 1814 4007 sibi

258 4070 380 4130 pacem,
406 4070 503 4130 quem
528 4051 706 4113 ministrum
740 4053 834 4114 testis
856 4053 947 4114 iussit
979 4053 1098 4114 intrare
1121 4051 1302 4120 ecclesiam.
1336 4073 1376 4113 ne
1400 4073 1473 4114 eum
1498 4052 1633 4128 lesisset,
1666 4061 1699 4114 et
1725 4062 1813 4134 post·

258 4179 356 4239 quarn
380 4157 512 4221 intravit
536 4159 714 4233 ecclesiam,
739 4161 826 4238 cepit
850 4157 991 4222 Mathias
1015 4159 1176 4239 presbiter
1199 4159 1320 4224 dicere:
1344 4159 1488 4223 Pessime
1512 4158 1569 4231 fur,
1593 4181 1656 4221 nou
1678 4159 1811 4222 tandem

258 4265 299 4326 de
317 4265 453 4327 ecclesia
476 4275 510 4330 te
526 4285 682 4346 eruerem,
705 4265 763 4328 sed
787 4267 828 4328 de
854 4265 984 4328 fornace
1008 4267 1040 4328 in
1060 4265 1326 4344 Praiborowicze;
1351 4277 1384 4329 et
1401 4276 1526 4329 tautum
1551 4268 1626 4330 testi
1649 4276 1812 4364 constat..

472 4455 514 4519 A.
545 4471 634 4538 1502.
659 4457 739 4519 lunii
765 4475 793 4538 3,
818 4460 849 4519 in
873 4457 1041 4520 Poltowsk
1064 4459 1095 4520 in
1120 4459 1205 4520 cutia
1230 4457 1416 4540 epIscopali.

366 4577 456 4646 215.
493 4581 590 4664 (Acta
615 4584 712 4664 episc.
738 4583 820 4662 VII).
856 4583 982 4645 Nobilis
1006 4583 1115 4646 Adam
1141 4583 1374 4647 Komorowski
1407 4573 1552 4648 contra..
1581 4584 1681 4648 dnum
1713 4585 1812 4648 archi·

258 4689 464 4751 diaconum..
496 4689 677 4752 lamentose
701 4692 881 4772 proposuit,
914 4691 1081 4770 quomodo
1113 4691 1184 4772 ipse
1208 4691 1290 4754 dnus
1314 4691 1590 4754 archidiaconus..
1622 4693 1727 4774 ipsum
1752 4713 1812 4774 pro

260 4796 286 4860 C
310 4798 491 4878 sexagenis,
523 4795 691 4877 inculpato.
712 4797 753 4859 ad
778 4797 825 4859 ius
850 4798 1002 4872 seculare,
1036 4800 1147 4861 citavit
1171 4808 1205 4860 et
1228 4799 1366 4861 testibus
1399 4799 1499 4860 dese
1523 4801 1694 4884 purgando
1727 4799 1811 4862 sacta

258 4905 512 4966 comminacione
544 4925 751 4966 censurarum
782 4903 927 4979 inhibuit,
960 4917 992 4968 et
1015 4903 1065 4966 his
1089 4925 1153 4968 non
1178 4916 1352 4969 contentus
1376 4916 1540 4970 convento
1565 4907 1811 4970 iusticiario

258 5012 336 5075 alias
359 5023 529 5092 oproavraa
555 5032 614 5090 pro
638 5013 743 5074 media
767 5031 934 5093 sexagena
956 5015 1062 5094 ipsum
1087 5014 1118 5074 in
1134 5016 1245 5076 turrim
1271 5014 1446 5095 mancipari
1471 5025 1503 5076 et
1520 5014 1676 5094 captivari
1701 5033 1811 5094 procu·

257 5123 345 5193 ravit,
378 5121 409 5179 in
434 5139 497 5200 qua
522 5121 678 5200 capcione
711 5130 744 5181 et
768 5121 798 5179 in
822 5121 934 5182 turrim
968 5121 1211 5200 mancipacione
1243 5122 1275 5182 in
1298 5123 1437 5184 sanitate
1469 5133 1502 5183 et
1527 5120 1627 5183 oculis
1651 5119 1737 5183 lesus
1761 5121 1810 5194 sit,

256 5229 418 5290 extimans
438 5227 591 5296 iniuriam,
615 5223 789 5297 infamiam,
813 5226 988 5306 dampnum
1014 5235 1047 5288 et
1072 5226 1227 5288 lesionem
1252 5226 1292 5289 ad
1317 5225 1429 5290 CCCC
1454 5227 1519 5290 flor.
1543 5226 1811 5308 Hungaricales„

195 5323 207 5346 ⁰
257 5333 309 5396 Ex
332 5333 471 5395 adverso
495 5331 578 5394 dnus
603 5331 880 5396 archidiaconus..
904 5333 1135 5414 responsiones
1159 5336 1192 5396 in
1216 5335 1338 5415 scripto
1362 5333 1552 5416 produxit..

460 5517 506 5586 Ἀ.
536 5538 628 5604 1502,
653 5521 858 5606 Septembris
888 5543 933 5604 19,
957 5527 988 5587 in
1013 5523 1114 5588 Ploclr
1138 5527 1168 5588 in
1195 5528 1280 5589 curia
1305 5527 1491 5608 episcopali.

364 5645 454 5714 216.
479 5649 577 5730 (Acta
601 5653 699 5730 epIsc.
723 5649 827 5732 vlu..
859 5649 976 5712 Coram
1003 5651 1121 5714 Rmo..
1147 5651 1212 5714 dno
1237 5652 1416 5714 Vincencio
1440 5651 1479 5714 D.
1504 5673 1533 5734 g.
1558 5654 1717 5734 episcopo
1741 5649 1810 5714 Plo·

257 5758 379 5819 censi..
404 5755 486 5820 dnus
503 5755 643 5820 Mathias
660 5755 812 5834 Roldcze,
838 5757 1009 5839 instigator
1025 5755 1151 5821 oflicii..
1170 5760 1334 5823 accusavit
1351 5761 1585 5822 contumaciam
1602 5759 1685 5842 mgri
1702 5758 1811 5822 iacobi
