4458 6674
922 767 1010 815 imru
1031 763 1108 819 1508.
1734 757 1789 828 12'1

238 859 748 865 .—-—-——.—-.—.—
757 858 811 864 --
819 857 972 864 ..ω-...-
983 859 1119 864 -..-.-.—
1129 858 1788 865 .—----—-..----—.-.———-

237 979 362 1059 pariete
387 999 489 1058 penes
512 982 674 1041 caminum
699 979 804 1042 crines
838 989 871 1040 et
895 979 1005 1060 posuit
1028 980 1059 1039 in
1084 977 1194 1040 medio
1217 997 1330 1040 eorum
1355 981 1386 1040 in
1412 997 1525 1041 mensa
1553 990 1587 1043 et
1610 980 1704 1044 dixit:
1736 981 1792 1044 Isti

230 1095 311 1148 sunt
336 1087 448 1160 crines,
482 1105 566 1167 quos
590 1087 643 1148 ille
667 1087 770 1147 malus
793 1085 893 1148 homo
918 1085 1076 1164 deceptor
1101 1083 1266 1178 Adrianus
1297 1105 1405 1147 meum
1430 1098 1586 1165 nepotem
1619 1087 1793 1168 spoliatum

236 1192 277 1254 de
302 1193 447 1254 vestibus
478 1213 581 1272 usque
615 1194 654 1253 ad
679 1194 845 1254 camisiam
877 1194 982 1254 cultro
1007 1195 1084 1254 rasit
1116 1203 1148 1252 et
1173 1193 1305 1264 taliavit,
1338 1193 1434 1272 quem
1463 1195 1550 1256 solus
1582 1195 1613 1254 in
1638 1193 1795 1256 Cracovia

236 1299 331 1360 iurari
355 1300 493 1362 edocuit.
527 1299 571 1362 Et
595 1301 727 1362 tandem
753 1300 915 1360 lohannes
940 1297 1049 1362 Slassa
1073 1301 1258 1362 admonitus
1291 1319 1348 1380 per
1373 1299 1476 1374 Lada,
1509 1302 1598 1380 quod
1622 1319 1658 1362 se
1682 1299 1794 1362 intelli·

236 1418 338 1488 geret,
363 1407 440 1486 quid
464 1406 610 1478 dixisset,
635 1409 809 1486 respondit·
828 1407 988 1468 lohannes
1005 1408 1174 1488 presbiter.
1199 1408 1321 1468 dicens:
1347 1404 1433 1486 Quid
1450 1409 1517 1470 dixi
1535 1417 1568 1470 et
1586 1405 1690 1468 adhuc
1707 1407 1795 1484 dico,

237 1523 270 1575 et
294 1523 420 1574 tantum
444 1512 597 1595 deposuit
620 1515 747 1576 testis..

344 1619 450 1682 Secu
463 1620 567 1682 udus
591 1623 686 1683 testis
710 1621 868 1684 discretus
888 1619 1044 1682 :libertus
1069 1623 1229 1699 presbiter
1252 1621 1488 1682 mansionarius
1505 1641 1607 1701 penes
1623 1621 1794 1682 ecclesiam

237 1727 442 1808 collegiatam
468 1725 765 1790 Polthoviensem..
790 1729 1017 1810 interrogatus,
1044 1747 1083 1788 an
1109 1726 1167 1788 fuit
1191 1730 1278 1808 apud
1304 1725 1496 1802 Oldalrowa,
1525 1728 1657 1808 quando
1682 1725 1796 1788 lolian-

238 1855 296 1897 nes
320 1832 430 1896 Slassa
457 1834 563 1897 intulit
587 1846 620 1897 et
645 1836 726 1897 dixit
752 1834 851 1896 verba
876 1833 1049 1895 inhonesta
1073 1855 1111 1894 ac
1137 1835 1345 1916 denigrancia
1368 1833 1528 1896 honorem
1552 1845 1585 1896 et
1602 1845 1722 1896 statum
1740 1831 1795 1895 dni

238 1941 374 2004 Adriani
399 1939 581 2022 Golynsky,
606 1943 768 2022 deposuit,
802 1941 889 2021 quod
914 1940 980 2010 fuit,
1014 1954 1047 2002 et
1071 1943 1198 2004 interim
1224 1951 1382 2005 venerunt
1414 1941 1539 2003 nobiles
1563 1941 1680 2004 Paulus
1705 1939 1797 2002 Lada

238 2061 272 2112 et
295 2048 449 2112 Andreas
473 2049 513 2111 de
530 2047 693 2110 Ziromino
718 2057 750 2110 et
768 2061 844 2109 tunc
868 2049 988 2109 ibidem
1014 2049 1169 2110 sedentes
1193 2047 1355 2111 Iohannes
1379 2069 1451 2110 cum
1470 2047 1563 2111 Lada
1581 2049 1680 2110 multa
1697 2047 1797 2109 verba

238 2157 284 2218 eis
308 2167 422 2217 mutuo
446 2155 607 2230 dicebant,
640 2153 697 2216 sed
722 2155 815 2215 testis
841 2153 1001 2216 intellexit
1026 2175 1064 2215 ea
1089 2155 1196 2217 dicere
1221 2157 1345 2218 eisdem
1370 2165 1483 2217 mutuo
1508 2158 1579 2217 ioco
1611 2165 1644 2216 et
1668 2175 1734 2216 non
1758 2173 1797 2214 ea

239 2264 322 2324 bene
348 2264 502 2334 meminit,
528 2263 586 2324 sed
612 2262 766 2330 meminit,
791 2264 865 2340 quia
892 2259 1007 2322 taulus
1032 2261 1124 2323 Lada
1148 2263 1278 2324 dicebat
1303 2262 1437 2324 iohanni
1461 2255 1581 2326 Slassa:
1608 2262 1676 2324 Des
1700 2260 1796 2322 michi

239 2383 305 2432 tres
329 2389 471 2450 grossos,
496 2379 530 2430 ut
555 2367 641 2430 dabo
666 2367 841 2430 reformare
866 2365 961 2429 michi
987 2367 1143 2448 gladium;
1167 2369 1311 2431 Iohanne
1335 2367 1445 2432 Slassa
1469 2369 1530 2432 sibi
1554 2371 1738 2450 denegante
1763 2379 1796 2430 et

238 2476 381 2538 dicente:
405 2474 514 2556 Quare
539 2475 597 2537 tibi
613 2475 720 2537 debeo
744 2473 830 2536 dare.
856 2473 897 2536 Et
922 2477 1036 2537 iterum
1063 2476 1179 2538 Paulus
1204 2475 1295 2540 Lada
1319 2476 1402 2538 dixit
1426 2477 1559 2538 Iohanni
1584 2475 1708 2538 Slassa:
1732 2472 1796 2535 Ac-

239 2585 354 2662 cipiam
380 2585 436 2646 tibi
461 2583 544 2643 hanc
570 2581 750 2662 pelliceam:
782 2579 926 2643 Iohanne
951 2581 1060 2643 Slassa
1084 2583 1222 2646 dicente:
1254 2584 1343 2664 quod
1367 2603 1433 2645 non
1457 2586 1606 2664 accipies.
1647 2583 1689 2644 Et
1714 2570 1797 2643 inter'

238 2689 290 2750 illa
314 2691 416 2770 iurgia
439 2688 600 2750 Iohannes
624 2687 734 2750 Slassa
766 2689 928 2767 accipiens
960 2693 1064 2750 crines
1095 2701 1128 2751 et
1153 2691 1332 2752 ostendens
1363 2691 1457 2752 dixit:
1494 2689 1550 2752 lsti
1575 2701 1649 2751 sunt
1681 2690 1796 2750 crines‘

240 2816 321 2876 quos
345 2797 398 2858 ille
424 2797 528 2857 malus
551 2795 652 2856 homo
676 2796 759 2856 latro
783 2795 950 2875 deceptor,
984 2797 1073 2875 quod
1098 2817 1172 2856 eum
1196 2816 1262 2858 non
1287 2796 1435 2870 decebat,
1459 2797 1562 2860 cultro
1588 2797 1673 2870 rasit,
1698 2813 1794 2874 quem

240 2904 326 2965 solus
350 2905 380 2964 in
400 2901 558 2965 Cracovia
582 2902 712 2964 edocuit
736 2900 840 2962 iurari.
865 2899 1013 2962 Tandem
1039 2901 1128 2963 Lada
1154 2902 1332 2964 Iohannem
1357 2905 1458 2966 voluit
1480 2915 1663 2990 percuttere
1687 2901 1796 2985 gladio

239 3022 272 3074 et
296 3011 441 3074 Iohanne
472 3010 532 3072 sibi
557 3011 695 3073 dicente:
731 3007 853 3088 Utique
879 3029 930 3068 me
954 3009 1061 3070 vivum
1094 3030 1158 3070 non
1183 3011 1346 3082 comedes
1378 3012 1436 3073 sed
1461 3013 1487 3073 sl
1510 3011 1664 3072 haberem
1694 3010 1795 3072 eciam

240 3139 331 3180 suum
358 3113 534 3202 [gladium],
568 3117 799 3196 responderem
833 3115 898 3176 tibi.
938 3113 980 3177 Et
1004 3114 1097 3176 Lada
1130 3119 1270 3179 dicento:
1307 3119 1392 3180 Ecce
1423 3119 1482 3180 tibi
1514 3137 1611 3179 unum
1643 3125 1677 3177 et
1700 3115 1796 3177 michi

239 3224 344 3295 alium,
369 3227 490 3286 venias.
514 3223 658 3285 Iohanne
683 3221 822 3294 nolente,
848 3222 906 3284 sed
931 3233 1029 3284 eunte
1054 3233 1130 3303 post
1154 3221 1352 3286 fornacem..

346 3327 436 3396 264.
461 3329 614 3412 (ibidem).
640 3331 692 3391 Ex
716 3329 762 3392 oi
768 3329 781 3390 l
788 3333 795 3390 i
807 3333 876 3392 cio
895 3365 932 3374 -
952 3329 1113 3392 lohannes
1139 3328 1280 3392 Slassa..
1304 3331 1346 3394 de
1361 3329 1502 3393 articulis
1518 3339 1632 3393 contra
1656 3329 1795 3392 eundem

240 3460 282 3500 ex
307 3438 413 3500 officio
438 3438 522 3500 datis
547 3440 774 3519 interrogatus
799 3439 824 3497 si
842 3438 1015 3516 aliquando
1042 3435 1116 3499 iecit
1141 3440 1227 3500 rixas
1251 3449 1284 3500 et
1305 3459 1437 3518 guerras
1462 3441 1491 3499 in
1511 3439 1654 3500 tabernis
1678 3447 1710 3499 et
1727 3455 1796 3518 per·

240 3549 413 3620 cussiones,
438 3547 615 3626 respondit,
641 3545 730 3623 quod
756 3563 840 3605 anno
859 3565 950 3622 prox.
969 3547 1126 3624 preterito
1151 3557 1301 3626 tempore
1324 3545 1499 3608 Adventus
1525 3546 1696 3607 novissime
1713 3544 1797 3626 lapsi

240 3655 270 3712 iu
295 3655 395 3714 domo
426 3652 513 3731 apud
539 3649 722 3714 Oldakowa
747 3651 901 3712 ludebant
925 3663 1084 3712 cartas:
1116 3653 1186 3731 ipse
1210 3653 1371 3716 Iohannes
1402 3653 1527 3716 locatus
1551 3651 1646 3725 scole,
1681 3651 1797 3713 Paulus

241 3758 492 3840 Naszyrowsky,
517 3757 675 3819 Alberrus
700 3758 867 3839 presbiter,
893 3759 977 3818 circa
999 3779 1095 3837 quern
1121 3760 1230 3820 ludum
1255 3763 1425 3841 deponens
1450 3761 1572 3840 recepit
1596 3757 1740 3840 gladium
1765 3767 1798 3819 et

240 3865 400 3946 percussit
425 3886 537 3945 parum
563 3865 603 3924 ad
621 3865 705 3926 latus
729 3866 802 3926 ioco
819 3863 959 3934 Paulum,
985 3885 1027 3926 ex
1044 3885 1107 3944 qua
1124 3869 1333 3945 percussione
1357 3868 1541 3929 successive
1566 3865 1692 3927 locatus
1708 3863 1796 3926 scole

240 3975 322 4036 dixit
346 3973 539 4053 deponenti:
571 3971 621 4032 Tu
647 3983 742 4052 pater
772 3973 864 4034 vadis
896 3991 939 4033 ex
963 3973 1072 4043 doum,
1106 3972 1184 4032 alias
1209 3974 1379 4053 rryqiadass
1409 3975 1479 4054 ipse
1503 3993 1582 4034 vero
1614 3971 1796 4053 respondit:

241 4079 423 4161 Siquando
447 4080 520 4160 cogi
547 4099 605 4158 per
622 4091 654 4140 te
671 4079 778 4140 debeo
802 4079 843 4140 ad
860 4079 1055 4144 exeundum.
1081 4099 1165 4140 nunc
1183 4099 1297 4160 cogam
1320 4093 1354 4143 et
1371 4080 1446 4144 iecit
1470 4081 1797 4146 demonstracionem,

241 4189 331 4266 quasi
356 4185 454 4248 vellet
478 4195 663 4266 percuttere
688 4185 825 4246 eundem
850 4185 905 4244 illo
922 4185 1045 4266 gladio;
1069 4189 1128 4247 sed
1152 4186 1267 4248 Paulus
1292 4189 1390 4250 etalii
1416 4189 1605 4250 assistentes
1630 4207 1708 4249 mox
1725 4189 1798 4247 arri·

242 4303 382 4375 puerunt
406 4294 493 4354 illum
520 4303 552 4355 et
570 4291 714 4373 gladium
741 4293 800 4354 sibi
817 4293 1004 4371 eripuerunt
1037 4291 1079 4352 Et
1099 4295 1230 4355 tandem
1247 4295 1364 4357 Paulus
1380 4297 1601 4377 deponentem
1619 4295 1650 4355 in
1667 4311 1797 4354 manum

241 4401 357 4463 baculo
382 4401 548 4482 percussit,
585 4411 618 4462 et
642 4399 786 4462 secundo
818 4398 927 4470 voluit,
960 4401 1016 4460 sed
1042 4411 1211 4480 protectus
1236 4411 1299 4478 est;
1333 4402 1502 4464 consessus
1533 4413 1643 4464 tamen
1674 4409 1725 4461 est
1756 4399 1797 4458 de

242 4509 358 4570 talibus
382 4517 414 4569 et
439 4508 608 4569 absolutus
631 4507 784 4569 informa
809 4507 975 4568 iubilei.
1000 4507 1081 4569 Item
1106 4509 1259 4588 deposuit
1283 4529 1318 4570 se
1343 4529 1507 4589 nunquam
1532 4508 1643 4570 ludere
1667 4505 1797 4568 taxillos

242 4633 301 4676 nec
325 4615 439 4688 aleam,
465 4615 624 4676 duntaxat
647 4627 754 4675 cartas
772 4635 831 4694 pro
849 4615 983 4675 cervisia
1007 4627 1142 4686 tanturn,
1167 4635 1226 4693 pro
1244 4616 1389 4695 pecuniis
1405 4635 1577 4696 nunquam.
1602 4615 1683 4676 ltem
1701 4633 1798 4694 quau·

241 4733 308 4783 tum
334 4722 375 4782 ad
399 4723 641 4792 contenciones,
673 4723 782 4802 iurgia.
815 4723 1035 4784 detractiones
1069 4724 1151 4784 dixit
1176 4743 1210 4782 se
1236 4723 1311 4783 talia
1343 4721 1547 4795 nonfacere,
1580 4731 1722 4800 excepto
1747 4739 1797 4788 eo,

242 4829 328 4908 quod
354 4827 477 4908 pridem
503 4829 617 4889 dolens
642 4829 779 4890 amicum
805 4847 897 4890 suum
923 4839 957 4892 et
974 4849 1017 4891 ex
1034 4829 1193 4891 ebrictate
1210 4828 1317 4910 aliqua
1338 4829 1454 4891 ductus
1478 4829 1560 4889 dixit
1584 4827 1796 4888 contumelias

242 4947 354 4997 contra
379 4935 477 4994 dnum
503 4933 698 5008 Adrianum,
722 4935 823 4996 iurem
849 4947 959 4997 tamen
984 4938 1070 4996 illum
1097 4957 1160 4996 non
1186 4935 1370 5018 appellavit.
1462 4985 1467 4996 .

349 5039 458 5102 Testis
482 5061 524 5102 ex
548 5041 690 5104 officio..
717 5044 875 5106 Albertus
901 5045 1089 5124 presbiter..
1115 5045 1276 5122 deposuit,
1302 5045 1389 5122 quod
1414 5061 1500 5104 anno
1524 5061 1616 5122 prox.
1642 5039 1798 5119 preterito

243 5168 363 5218 meuse,
388 5149 439 5210 die
456 5159 517 5210 etc.
543 5147 670 5212 suerunt
688 5153 880 5232 congregati
897 5152 927 5210 in
944 5150 1044 5211 domo
1060 5151 1148 5231 apud
1166 5149 1359 5214 Oldalrowa:
1376 5149 1536 5210 Iohannes
1553 5145 1671 5220 Slassa,
1696 5149 1798 5219 testis,

242 5257 369 5317 locatus
393 5254 489 5332 scole,
514 5255 630 5317 Paulus
647 5255 901 5336 Naszyrowsiy,
926 5269 958 5318 et
976 5257 1095 5318 ibidem
1122 5257 1277 5320 ludebant
1301 5267 1406 5318 cartas
1431 5277 1489 5337 per
1508 5275 1606 5316 unum
1631 5255 1797 5316 denarium

242 5373 383 5438 tantum;
414 5363 529 5423 vinctis
553 5363 676 5442 aliquot
707 5363 845 5424 denariis
877 5365 1015 5425 cessavit
1048 5362 1208 5426 lohannes
1232 5363 1342 5426 Slassa
1373 5363 1496 5440 ludere;
1530 5361 1631 5424 Paulo
1660 5359 1798 5423 eundem

241 5467 441 5531 admonente
473 5480 506 5530 et
530 5470 671 5530 dicente:
705 5467 871 5550 Opulcre
895 5468 1005 5538 fecisti,
1039 5471 1189 5533 videlicet
1222 5471 1297 5550 quia
1333 5471 1462 5534 lucrasti
1491 5469 1614 5551 aliquot
1639 5467 1798 5536 denarios,

242 5595 322 5658 ergo
346 5595 411 5637 non
436 5579 484 5638 vis
508 5576 632 5652 ludere;
665 5589 696 5636 et
722 5589 838 5656 postea
863 5579 1044 5638 successive
1076 5578 1236 5638 lohannes
1261 5575 1372 5638 Slassa
1403 5579 1540 5639 cultrum
1573 5597 1630 5638 seu
1655 5573 1797 5656 gladium

241 5685 403 5744 iacentem
436 5685 466 5743 in
492 5701 651 5762 scampno
676 5685 815 5746 accinxit
840 5685 880 5744 ad
905 5703 941 5744 se
974 5695 1006 5744 et
1031 5685 1219 5746 ambulabat
1243 5705 1302 5765 per
1327 5686 1464 5759 stubam,
1497 5693 1530 5746 et
1554 5693 1589 5745 ut
1613 5685 1690 5745 testi
1713 5681 1797 5742 vide·

242 5791 345 5860 batur,
379 5791 452 5868 quia
477 5791 636 5870 percussit
661 5789 791 5851 Paulum
818 5792 889 5851 ioco
914 5791 1077 5870 paulatim,
1111 5800 1144 5852 et
1167 5791 1297 5852 demum
1323 5791 1491 5853 ambulans
1519 5791 1600 5852 dixit
1624 5789 1795 5851 Iohannes:

349 5919 406 5959 ner·
419 5917 571 5960 eccle-turim.
587 5919 620 5958 111.
1655 5911 1689 5964 16
