4458 6674
407 653 450 718 36
880 653 974 705 acra
991 653 1115 705 ruorcn
1132 651 1270 705 eccum.
1290 651 1479 704 succensis

414 747 516 752 .-—-
526 745 717 755 „—---—-——

406 867 542 931 decimis
572 865 693 930 dudum
725 887 784 949 per
815 867 905 946 ipsos
936 877 970 929 et
1000 877 1077 930 ante
1109 867 1362 948 predecessores
1393 887 1470 930 suos
1502 887 1545 930 ex
1575 871 1711 949 antiquo
1743 868 1825 931 solvi
1856 868 1961 933 solitis

407 975 652 1056 respondebunt
683 975 874 1053 effectuose3
906 985 940 1038 et
963 976 1073 1038 statim
1099 973 1186 1037 iacta
1217 977 1289 1056 ipsa
1312 975 1487 1038 dotacione
1519 975 1605 1057 quali
1629 976 1683 1036 tali
1708 974 1854 1057 prelatus
1878 977 1961 1038 dnus

407 1082 593 1163 Episcopus
617 1080 789 1144 ecclesiam
814 1085 918 1164 ipsam
944 1083 1050 1144 erexit
1073 1083 1183 1146 denuo
1208 1093 1241 1146 ct
1265 1084 1439 1146 discretum
1464 1083 1620 1144 Mathiam
1646 1083 1687 1146 de
1711 1082 1895 1166 Pomszyno
1919 1082 1959 1144 ad

407 1191 688 1271 presentacionem
712 1189 830 1270 prelati
853 1191 908 1252 dni
932 1189 1085 1252 Iohannis
1109 1189 1223 1252 Dolslri
1248 1191 1414 1254 venatoris
1438 1202 1523 1252 terre
1549 1190 1764 1253 Dobrineusis
1791 1190 1832 1253 ad
1857 1191 1961 1273 pres·

406 1305 474 1360 tam
498 1294 667 1358 ecclesiam
692 1299 831 1360 instituit
855 1307 889 1360 ct
912 1298 1089 1374 investivit;
1113 1297 1319 1380 presentibus
1343 1307 1378 1360 ut
1402 1317 1500 1379 supra
1513 1299 1541 1377 ¹).

622 1489 663 1552 A.
692 1505 783 1571 1502,
808 1488 932 1572 Aprilis
956 1493 1006 1562 28,
1032 1491 1063 1552 in
1088 1488 1261 1574 Sgliczyuo
1285 1492 1316 1552 in
1340 1494 1428 1553 curia
1451 1491 1639 1574 episcopali.

513 1613 603 1682 207.
627 1616 724 1696 (Acta
742 1616 840 1700 episc.
864 1615 924 1698 Ia).
949 1615 1108 1678 Testes
1131 1614 1326 1698 infrascripti
1352 1613 1462 1702 [super
1486 1617 1664 1680 decimis
1689 1620 1812 1700 recepti
1835 1629 1869 1682 et
1885 1638 1960 1683 exa-

406 1725 545 1808 minatil:

511 1831 676 1894 Primus
707 1832 801 1894 testis
832 1831 950 1894 nobilis
973 1829 1127 1892 Nicolaus
1158 1829 1199 1893 de
1222 1827 1441 1911 Stawysino..
1465 1832 1683 1914 interrogatus
1715 1831 1903 1894 dedecima
1928 1836 1959 1894 in

406 1937 632 2022 StawyssynO,
666 1957 706 2001 an
731 1939 782 2001 isti
807 1939 876 2019 agri
900 1938 1020 2001 dudum
1053 1947 1087 2000 et
1111 1958 1155 2000 ex
1177 1939 1313 2018 antiquo
1336 1956 1355 1999 a
1380 1937 1416 2008 L.
1441 1937 1513 2014 XL,
1537 1937 1635 2002 XXX
1666 1949 1700 2001 et
1723 1937 1788 2000 XX
1819 1951 1853 2002 et
1876 1939 1960 2002 ultra

407 2046 501 2108 annis
525 2045 722 2125 spectabant
748 2066 808 2125 pro
826 2067 938 2108 mensa
962 2045 1139 2124 episcopali
1158 2045 1209 2106 vel
1227 2065 1287 2125 pro
1304 2043 1479 2127 plebano..
1505 2042 1679 2130 [deposuit
1704 2045 1960 2129 quod]·semper

405 2153 634 2233 spectabant..
659 2153 700 2216 ad
725 2154 908 2234 plebanum.
941 2153 1015 2234 quia
1039 2155 1101 2216 iste
1125 2153 1252 2215 decime
1276 2163 1351 2215 suut
1375 2152 1417 2215 de
1441 2173 1524 2234 puro
1548 2153 1662 2235 predio
1694 2173 1737 2215 ex
1761 2153 1869 2216 radice
1894 2152 1960 2215 lun·

405 2261 485 2323 dato
509 2271 542 2324 et
565 2261 740 2337 extirpato,
772 2282 836 2342 quc
860 2261 985 2324 decime
1016 2263 1119 2323 eciam
1144 2258 1383 2340 recipiebantur
1413 2270 1489 2322 ante
1519 2259 1634 2322 bella
1665 2259 1959 2323 Prutenicalia

405 2388 465 2448 per
489 2368 673 2448 plebanum.
698 2369 928 2450 Interrogatus,
953 2370 980 2432 si
1003 2369 1177 2448 aliquando
1201 2369 1262 2430 scit
1286 2379 1341 2432 aut
1364 2369 1486 2430 audivit
1510 2367 1706 2430 kmethones
1730 2369 1848 2430 inistis
1872 2369 1958 2448 agris

405 2495 478 2538 esse
501 2474 636 2548 locatos,
660 2477 837 2558 respondit,
863 2477 950 2558 quod
968 2494 1142 2556 nunquam,
1167 2477 1225 2537 sed
1241 2473 1324 2536 dixit
1341 2495 1420 2555 pure
1437 2475 1598 2555 prediales
1622 2485 1698 2536 ante
1715 2473 1800 2536 bella
1823 2485 1958 2556 etpost.

404 2581 487 2646 Item
519 2585 737 2664 interrogatus
769 2603 867 2663 super
897 2583 1031 2645 decimis
1066 2585 1096 2644 in
1121 2581 1196 2645 villa
1227 2581 1384 2666 Byelawy
1415 2579 1603 2664 [respondit.
1639 2579 1738 2664 quod]
1771 2581 1867 2644 nichil
1898 2583 1958 2646 sibi

315 2767 320 2778 .
406 2699 545 2753 constat.
570 2690 651 2753 Item
676 2711 774 2772 super
798 2689 932 2752 decimis
956 2693 987 2752 in
1005 2687 1140 2772 Glynky
1156 2689 1302 2753 similiter
1325 2691 1365 2751 ad
1383 2689 1533 2752 effectum
1559 2688 1653 2752 nichil
1673 2690 1840 2772 deponere
1856 2691 1958 2752 scivit.

405 2797 486 2860 ltem
510 2817 608 2879 super
631 2799 765 2861 decimis
795 2799 826 2860 in
851 2797 1087 2879 Slawanczyno
1118 2800 1338 2879 interrogatus
1370 2795 1553 2882 [deposuitl‚
1586 2796 1674 2876 quod
1706 2797 1827 2859 dudum
1859 2807 1960 2862 etex

404 2907 541 2988 antiquo
572 2916 648 2968 ante
679 2915 813 2986 etpost
845 2905 929 2968 bella
954 2905 1164 2976 Prutenicalia
1199 2904 1326 2968 suerunt
1362 2906 1487 2967 decime
1522 2903 1690 2986 prediales,
1726 2914 1869 2986 excepto
1893 2924 1959 2968 uno

404 3032 529 3088 manso,
553 3015 584 3075 iu
610 3033 675 3093 quo
699 3033 780 3076 unus
804 3013 940 3076 lcmctho
963 3011 1137 3086 residebat,
1162 3025 1196 3075 et
1211 3033 1297 3074 nunc
1320 3014 1421 3075 eciam
1446 3011 1582 3074 kmctho
1606 3011 1735 3084 residet,
1761 3022 1836 3093 post
1860 3031 1957 3094 quem

403 3119 487 3182 dnus
511 3119 696 3201 Episcopus
719 3119 795 3182 olim
820 3121 903 3182 dnus
927 3117 1048 3183 Gizicki
1073 3131 1106 3183 et
1124 3139 1330 3183 successores
1354 3119 1422 3184 sive
1446 3119 1496 3182 alii
1520 3119 1680 3182 decimam
1705 3119 1881 3198 tollebant;
1906 3121 1958 3184 ad·

403 3226 484 3289 didit
507 3237 617 3288 tamen
641 3227 743 3301 testis,
767 3228 855 3308 quod
880 3228 942 3289 iam
967 3237 1117 3290 cessante
1140 3227 1225 3290 bello
1250 3227 1440 3290 Prutenicali
1465 3225 1604 3289 ortulani
1628 3237 1661 3289 et
1685 3226 1735 3289 alii
1761 3227 1956 3290 kmethones

404 3353 465 3416 per
487 3333 613 3396 nobiles
638 3333 714 3396 olim
739 3333 879 3408 Petrum,
904 3334 1060 3398 Mathiam
1086 3355 1122 3398 ac
1139 3333 1272 3396 Paulum
1296 3334 1436 3397 heredes
1459 3356 1501 3396 ex
1518 3334 1633 3415 predio
1655 3355 1737 3415 puro
1761 3334 1858 3398 locati
1875 3345 1958 3410 sunt,

404 3452 481 3523 post
505 3461 589 3522 quos
612 3439 809 3504 kmethones
832 3451 866 3504 et
889 3441 1058 3506 ortulanos
1081 3442 1137 3504 dni
1160 3441 1316 3524 Episcopi
1341 3443 1501 3505 decimam
1526 3440 1694 3504 tollebant.
1726 3441 1958 3522 Interrogatus,

404 3568 470 3630 quo
495 3549 569 3624 iure,
601 3569 644 3610 ex
667 3569 732 3629 quo
764 3549 892 3612 luerunt
924 3548 1097 3632 prediales,
1129 3551 1247 3624 credit,
1278 3551 1367 3630 quod
1400 3571 1442 3612 cx
1466 3547 1606 3618 laudo,
1637 3550 1713 3629 quia
1743 3548 1798 3609 ubi
1822 3549 1958 3612 kmetho

404 3655 527 3730 arabat,
552 3655 613 3717 illic
637 3655 794 3736 Episcopi
819 3656 978 3720 tollebant
1002 3658 1198 3720 decimam..

511 3761 696 3842 Quintus
718 3765 813 3826 testis
837 3764 1017 3827 laboriosus
1041 3764 1193 3828 Andreas
1218 3763 1307 3826 Dura
1331 3763 1372 3824 de
1389 3763 1578 3844 Byelawy..
1602 3764 1822 3844 interrogatus
1846 3764 1888 3827 de
1904 3763 1958 3826 dc·

404 3870 494 3932 cimis
517 3870 549 3930 in
573 3866 785 3950 Slawaczyno
808 3880 841 3932 et
865 3869 1060 3952 Stawysino,
1083 3871 1261 3952 ¹respondit
1285 3889 1383 3952 agros
1407 3869 1568 3951 prediales
1599 3891 1643 3933 ex
1666 3872 1802 3950 antiquo
1825 3881 1901 3932 ante
1926 3881 1958 3932 et

404 3987 479 4056 post
511 3975 593 4038 bella
625 3977 846 4053 Prutenicalia,
878 3989 1020 4059 excepto
1043 3999 1109 4040 uno
1134 3977 1312 4040 kmethone
1343 3979 1374 4038 in
1398 3977 1475 4038 villa
1499 3975 1719 4058 Slawaczyno,
1753 3987 1829 4056 post
1861 3997 1957 4058 quem

404 4083 544 4146 factores
568 4083 773 4166 episcopales
797 4086 956 4148 decimam
983 4085 1151 4148 tollebant.
1171 4085 1271 4166 ,Item
1296 4087 1516 4166 interrogatus
1547 4085 1587 4147 de
1612 4085 1752 4146 sciencia
1776 4085 1956 4166 respoudit:

402 4211 420 4251 a
445 4209 504 4252 suo
530 4201 621 4270 patre
645 4201 678 4254 et
702 4193 744 4255 ab
768 4192 836 4254 aliis
860 4193 1042 4255 senioribus
1066 4213 1102 4255 se
1126 4193 1288 4254 audivisse
1319 4194 1422 4256 etita
1447 4212 1519 4256 esse
1544 4213 1675 4256 mansos
1708 4207 1741 4256 ct
1766 4213 1864 4275 agros
1889 4211 1959 4272 pre·

402 4297 505 4359 diales
528 4317 572 4358 ex
595 4300 713 4362 radice.
737 4298 890 4362 Similiter
912 4303 1131 4382 interrogatus
1155 4301 1196 4363 dc
1221 4299 1377 4362 ortulauis
1401 4301 1431 4361 in
1448 4299 1648 4372 Stawiszino
1672 4301 1849 4381 exquibus
1872 4302 1958 4380 agris

403 4404 501 4467 locati
520 4405 584 4468 sint
607 4415 640 4467 et
656 4407 769 4480 dotati,
794 4409 973 4489 respondit:
1000 4429 1043 4470 ex
1059 4410 1145 4489 agris
1169 4429 1249 4490 pure
1274 4405 1478 4486 predialibus.
1503 4419 1579 4487 post
1604 4427 1688 4486 quos
1711 4406 1851 4470 factores
1875 4408 1957 4488 epis·

402 4512 534 4592 copales
558 4512 716 4574 decimam
741 4511 909 4576 tollebant.
934 4515 1164 4596 Interrogatus.
1189 4535 1255 4598 quo
1279 4517 1355 4587 iure,
1380 4515 1482 4576 credit
1507 4515 1624 4577 virtute
1648 4513 1778 4590 laudi,
1804 4535 1877 4578 nain
1903 4515 1957 4576 ubi

402 4619 528 4706 nobiles
552 4617 712 4698 colebant,
746 4620 903 4700 plebanus
927 4623 1114 4703 recipiebat,
1146 4631 1179 4684 et
1202 4623 1256 4684 ubl
1280 4620 1424 4692 kmetho,
1456 4641 1516 4702 pro
1541 4621 1708 4702 Episcopo
1733 4622 1956 4702 recipiebatur.

403 4725 483 4788 Item
516 4727 547 4787 in
572 4724 729 4809 Byelawy
754 4727 971 4810 interrogatus
1004 4729 1045 4791 de
1070 4729 1195 4791 decima
1218 4729 1396 4809 respondit,
1429 4729 1516 4808 quod
1542 4748 1585 4790 ex
1609 4729 1742 4809 antiquo
1772 4727 1900 4791 suerunt
1923 4741 1957 4792 et

402 4832 502 4896 modo
533 4845 607 4895 sunt
641 4833 703 4896 VII
727 4836 829 4896 mansi
861 4834 1088 4899 kmethouales
1119 4847 1195 4898 ante
1226 4847 1259 4898 ct
1292 4847 1368 4918 post
1399 4835 1484 4898 bella
1515 4835 1745 4898 kmethonibus
1776 4835 1882 4906 locati.
1914 4855 1957 4897 ex

403 4939 520 5019 quibus
544 4939 668 5002 decima
692 4952 743 5004 est
767 4943 928 5007 decimata
952 4955 984 5004 ct
1000 4944 1083 5005 ultra
1106 4943 1167 5005 hec
1184 4945 1317 5024 antiqua
1341 4944 1467 5025 predia;
1491 4963 1622 5004 causam
1647 4945 1785 5006 sciencie
1809 4946 1957 5020 reddens,

402 5047 491 5126 quod
515 5066 532 5107 a
557 5057 650 5128 patre
674 5048 795 5111 audivit
820 5049 926 5112 dictos
950 5069 1048 5130 agros
1072 5050 1170 5112 luisse
1194 5049 1421 5113 kmethonales
1446 5051 1710 5130 possessionatos
1734 5051 1818 5114 ultra
1836 5051 1955 5131 predia.

403 5153 483 5215 ltem
516 5152 706 5216 dedecima
738 5157 769 5216 in
795 5154 930 5237 Glynky
957 5159 1178 5239 iuterrogatus
1209 5145 1389 5237 respondit:
1424 5178 1466 5218 ex
1490 5159 1626 5238 antiquo
1658 5157 1756 5219 fuisse
1788 5155 1956 5240 prediales,

402 5262 456 5342 qui
474 5260 573 5322 modo
598 5260 694 5322 locati
719 5271 793 5324 sunt
809 5261 974 5335 ortulanis,
1000 5267 1110 5336 nescit,
1136 5267 1206 5344 quis
1222 5265 1362 5327 tollebat
1378 5265 1537 5328 decimam
1556 5275 1633 5346 post
1650 5265 1740 5346 ipsos
1757 5265 1956 5328 ortulanns..

509 5367 727 5449 Septimus
751 5369 844 5432 testis
869 5368 1048 5432 laboriosus
1073 5371 1188 5434 Paulus
1214 5373 1418 5455 Dzeczewny
1442 5372 1483 5435 de
1506 5371 1675 5454 Glynky..
1700 5393 1800 5453 super
1822 5373 1957 5434 decimis

402 5477 433 5536 in
458 5473 681 5556 Slawaczyno,
705 5474 946 5560 Sthawyszyno
970 5489 1003 5542 et
1028 5479 1185 5562 Byelawy
1209 5481 1436 5561 interrogatus,
1461 5477 1556 5540 nichil
1581 5481 1663 5542 scire
1687 5479 1848 5560 deposuit.
1872 5479 1955 5542 Itcm

411 5639 595 5645 --—..—---.
613 5637 712 5644 ----ι-ι

510 5703 529 5774 ¹)
550 5707 725 5774 Wymicnious
742 5708 837 5774 jesacra
853 5709 902 5776 jesi
921 5708 995 5760 niet:
1016 5709 1210 5778 »Swecaehns«,
1230 5709 1270 5758 sle
1288 5711 1335 5760 bea
1353 5709 1472 5774 dalsacgo
1491 5708 1582 5760 tckstu.
