4392 6672
894 672 988 719 ACTA
1007 669 1129 720 tubtcu
1148 670 1284 720 ECCLES.
1304 669 1492 718 PLocENsls

419 763 748 770 ——---——-—-—-.
771 764 803 769 --
817 763 919 769 -.—--
959 762 1128 768 .--———..
1547 760 1686 766 -.-——--—-
1704 760 1965 766 ——-—

419 885 586 962 quomodo
612 883 726 944 nobilis
750 881 867 944 Petrus
890 881 1069 943 advocatus
1100 883 1130 942 in
1155 879 1309 942 Ostrowa
1333 883 1437 960 ipsum
1462 879 1625 941 Thornam
1657 881 1698 942 ad
1723 879 1878 960 legendas
1902 892 1968 942 tres

420 992 548 1050 missas:
573 1009 668 1050 unam
695 1011 754 1070 pro
771 988 940 1057 defunctis,
965 989 1059 1049 aliam
1084 1008 1145 1068 pro
1162 991 1305 1068 peccatis
1328 1001 1362 1048 et
1380 990 1511 1048 terciam
1528 989 1569 1048 de
1587 989 1615 1048 b.
1635 987 1769 1067 Virgine
1785 990 1815 1047 in
1833 987 1968 1048 ecclesia

420 1097 573 1176 predicta,
610 1099 769 1164 convenit,
806 1117 902 1174 qutun
935 1097 1189 1154 convencioneni
1224 1095 1305 1154 dnus
1333 1095 1443 1154 l'etrus
1477 1095 1634 1173 plebanus
1667 1105 1769 1154 ratam
1800 1093 1912 1155 habuit
1937 1107 1968 1154 et

419 1206 523 1282 ipsum
548 1203 713 1264 celebrare
729 1205 867 1276 admisit,
892 1213 987 1281 prout
1011 1214 1044 1262 et
1063 1202 1180 1279 pluries
1205 1203 1379 1262 celebravit
1401 1199 1487 1262 nullo
1505 1202 1747 1282 impedimento,
1772 1209 1880 1260 tamen
1898 1203 1967 1280 ipse

418 1311 502 1371 ditus
527 1310 640 1370 Petrus
664 1329 727 1368 non
752 1309 862 1369 habita
887 1327 984 1370 causa
1009 1307 1224 1368 racionabili..
1248 1309 1400 1368 iniuriose
1425 1311 1528 1388 ipsum
1553 1307 1595 1368 ab
1618 1305 1802 1368 huiusmodi
1828 1307 1968 1368 leccione

420 1419 587 1477 missarum
612 1417 737 1494 expulit
763 1417 868 1496 ipsum
893 1415 1128 1494 proclamando
1152 1425 1185 1476 et
1203 1413 1389 1476 infamando
1412 1434 1522 1476 coram
1541 1415 1746 1494 parochianis
1770 1426 1803 1474 et
1820 1425 1967 1475 ornatum

419 1523 478 1584 sibi
503 1524 669 1599 deponere
695 1525 867 1594 mandavit,
891 1526 996 1602 ipsum
1021 1526 1051 1580 iu
1077 1522 1139 1582 hoc
1162 1521 1424 1602 dampnificando
1456 1525 1486 1582 in
1513 1524 1623 1602 precio
1646 1531 1681 1582 et
1704 1522 1858 1600 expensis
1882 1535 1913 1580 et
1937 1523 1968 1579 in

420 1632 565 1710 pecuniis
588 1632 748 1708 expositis
772 1631 941 1690 servicium
967 1631 1134 1710 querendo
1159 1629 1184 1689 ll
1204 1647 1451 1708 sexagenarum
1477 1648 1557 1708 quas
1582 1628 1691 1689 debuit
1715 1627 1836 1688 habere
1861 1645 1967 1707 apre-

419 1736 508 1797 dicto
534 1735 638 1802 Petro.
671 1757 752 1817 quas
776 1757 940 1816 expensas
964 1749 996 1798 et
1021 1738 1164 1816 precium
1188 1737 1358 1796 extimavit
1389 1737 1429 1794 ad
1455 1735 1501 1796 lV
1525 1755 1709 1814 sexagenas
1742 1736 1968 1813 infamiamque

419 1853 452 1904 et
477 1842 700 1922 expulsionem
725 1843 765 1903 ad
791 1843 899 1905 Cflor.
927 1843 1004 1904 ltem
1031 1845 1209 1923 proposuit.
1234 1844 1402 1922 quomodo
1426 1843 1587 1922 reliquias,
1612 1863 1693 1921 quas
1716 1842 1800 1903 dnus
1824 1840 1970 1902 Thomas

420 1952 451 2009 in
475 1969 531 2010 sua
556 1949 692 2010 ecclesia
725 1950 859 2029 reliquit.
895 1951 954 2010 sibi
986 1951 1156 2011 restituere
1188 1949 1338 2028 denegat.
1375 1961 1493 2028 petens
1524 1969 1597 2010 eum
1623 1946 1771 2029 compelli
1806 1949 1835 2007 in
1862 1949 1970 2027 petitis

420 2058 593 2117 extimatis.
635 2055 684 2116 Ex
710 2059 849 2118 adverso
874 2057 1025 2118 Gamleth
1051 2067 1243 2137 procurator
1266 2054 1396 2136 plebani
1420 2057 1584 2134 negavit..
1609 2057 1742 2128 addens,
1775 2057 1863 2134 quod
1887 2053 1968 2114 ultra

422 2162 532 2222 horam
558 2165 687 2223 solitam
712 2163 888 2225 celebravit
920 2163 1094 2242 aliquando
1118 2162 1199 2224 infra
1224 2164 1358 2242 prandia
1390 2172 1423 2224 et
1447 2163 1621 2242 aliquando
1645 2173 1722 2242 post
1747 2161 1912 2221 meridiem
1936 2169 1970 2220 et

421 2271 508 2348 quod
533 2268 754 2331 consessiones
778 2271 807 2330 in
834 2271 969 2331 taberna
992 2271 1144 2332 audiebat
1170 2285 1202 2331 et
1227 2268 1367 2332 absolvit
1391 2289 1464 2330 cum
1491 2270 1550 2330 hac
1574 2267 1774 2338 condicione,
1800 2266 1886 2348 quod
1909 2266 1969 2326 has

344 2431 345 2437 ,
420 2395 534 2436 causas
557 2377 763 2456 exprimebat
788 2376 952 2456 plebanus,
977 2378 1107 2456 quando
1131 2379 1236 2457 ipsum
1261 2377 1468 2452 admittebat;
1494 2374 1637 2436 Iohanne
1659 2385 1808 2454 negante.

633 2565 675 2628 A.
706 2566 795 2646 1467,
821 2567 897 2629 lunii
925 2582 952 2648 5,
977 2569 1006 2628 in
1032 2570 1227 2632 consistorio
1252 2569 1479 2632 Polthoviensi.

528 2689 713 2772 83.,(Acta
736 2690 816 2753 offic.
834 2692 881 2768 ll).
907 2693 941 2754 ln
965 2713 1062 2755 causa
1086 2695 1215 2756 discreti
1239 2693 1336 2767 Pauli,
1362 2693 1467 2756 clerici
1493 2697 1533 2754 de
1559 2691 1719 2773 Ponyath
1744 2705 1857 2753 contra
1882 2692 1968 2752 nobi·

422 2799 483 2858 lem
508 2796 700 2859 Michaelem
725 2798 767 2858 de
793 2797 933 2878 Gliczye,
965 2813 1157 2880 procurator
1182 2799 1296 2881 prefati
1321 2801 1459 2862 clerici..
1492 2803 1673 2882 proposuit,
1706 2802 1792 2879 quod
1826 2798 1969 2870 lacobus

423 2903 519 2965 frater
544 2903 630 2964 Pauli
654 2924 836 2983 germanus
869 2901 947 2990 [qui]
974 2905 1116 2986 regulam
1149 2928 1173 2969 s.
1199 2908 1352 2968 Bernardi
1377 2909 1529 2988 suscepit,
1563 2907 1608 2968 lV
1634 2907 1798 2968 volumina
1821 2905 1970 2966 videlicet

420 3013 624 3090 grecismum‚
648 3013 841 3072 exercicium
870 3013 995 3085 Donati,
1028 3025 1185 3076 tractatus
1210 3013 1453 3094 philosophicos
1485 3025 1518 3076 et
1543 3013 1767 3076 Alexandrum
1798 3013 1829 3072 ln
1861 3013 1970 3071 valore

421 3116 449 3178 ll
474 3137 712 3198 sexagenarum
735 3140 781 3200 gr.
807 3121 986 3181 mediorum
1019 3143 1077 3202 per
1101 3123 1206 3202 ipsum
1231 3121 1459 3184 Michaelem..
1485 3121 1572 3182 lratri
1596 3137 1753 3201 germano
1784 3119 1969 3188 transmisit,

421 3227 474 3302 qui
499 3225 631 3286 veniens
655 3226 816 3286 volumina
842 3227 930 3288 fratri
954 3247 1018 3288 non
1044 3229 1143 3296 dedit.
1165 3229 1227 3290 'sed
1253 3249 1311 3308 pro
1336 3249 1371 3290 se
1396 3229 1502 3310 rapuit
1528 3241 1560 3290 et
1585 3229 1753 3308 usurpavit
1777 3229 1808 3287 in
1835 3225 1969 3306 preiudi·

423 3333 505 3392 cium
532 3329 646 3411 prelati
673 3333 786 3406 clerici,
812 3345 929 3414 petens
953 3337 1057 3414 ipsum
1082 3334 1123 3397 ad
1148 3339 1387 3398 restitucionem
1413 3336 1610 3397 voluminum
1636 3347 1690 3396 aut
1714 3335 1756 3396 ad
1776 3332 1969 3394 satisfaccio-

422 3457 495 3498 nem
519 3440 601 3520 cogi.
639 3439 691 3500 Ex
715 3443 854 3504 adverso
879 3442 1016 3504 Michael
1039 3442 1208 3506 confessus
1232 3456 1291 3518 est,
1316 3445 1404 3525 quod
1428 3445 1553 3523 recepit
1576 3443 1770 3522 grecismum
1794 3453 1827 3502 et
1851 3440 1970 3500 exerci-

421 3547 504 3606 cium
530 3545 648 3609 Donati
682 3567 753 3609 curn
782 3549 906 3630 aliquot
938 3552 1100 3612 sexternis
1132 3549 1226 3626 loice;
1260 3552 1416 3612 terminus
1447 3551 1489 3612 ad
1513 3549 1724 3630 prestandum
1755 3549 1968 3608 iuramentum

421 3671 519 3730 super
543 3653 651 3716 valore
676 3653 827 3716 librorum
853 3657 893 3717 ad
918 3655 1010 3718 Xllll
1034 3658 1111 3719 dies.

633 3847 675 3909 A.
706 3847 795 3928 1467,
821 3849 963 3930 Augusti
990 3865 1018 3930 5,
1041 3851 1071 3910 in
1097 3849 1265 3912 Poltowsk
1290 3851 1431 3912 incuria
1456 3847 1642 3930 episcopali.

529 3968 591 4036 84.
615 3971 713 4049 (Acta
737 3977 834 4055 episc.
860 3975 915 4056 l)..
950 3975 1100 4038 Coram..
1126 3976 1191 4036 dno
1216 3973 1368 4046 Stiborio,
1392 3976 1551 4054 episcopo
1576 3973 1731 4048 Plocensi,
1764 3993 1837 4035 cum
1863 3991 1968 4034 vener.

422 4077 572 4139 iratribus
597 4081 661 4140 suis
686 4081 847 4144 residente
880 4104 939 4163 pro
963 4081 1113 4144 tribunali
1137 4084 1307 4164 conparuit
1338 4082 1453 4144 honor.
1479 4081 1670 4162 Cunynslry‚
1703 4083 1877 4142 canonicus
1902 4078 1969 4139 Pol-

421 4184 609 4258 thoviensis,
634 4190 751 4250 citatus
768 4211 810 4252 ex
826 4189 933 4252 officio
954 4192 994 4253 ad
1011 4191 1206 4252 audiendum
1223 4192 1457 4254 attestaciones
1481 4203 1513 4252 et
1531 4189 1721 4250 summarias
1745 4187 1970 4268 deposiciones

335 4321 340 4334 ·
421 4293 551 4354 testium
576 4295 751 4357 iuratorum
776 4296 818 4358 de
834 4299 898 4360 vita
916 4309 949 4360 et
965 4300 1219 4359 conversacione
1242 4317 1299 4359 sua
1315 4311 1497 4377 receptas..
1523 4296 1638 4376 quibus
1655 4296 1779 4356 lectis..
1800 4306 1969 4371 comperto

421 4400 552 4463 crimine
577 4404 819 4474 concubinatus,
845 4425 911 4484 quo
935 4407 1062 4467 notorie
1087 4407 1158 4485 ipse
1182 4407 1365 4478 canonicus,
1391 4417 1425 4466 ut
1448 4415 1550 4466 testes
1574 4404 1692 4475 dicunt,
1719 4402 1854 4481 laborat,
1877 4403 1967 4461 inter·

422 4510 549 4587 rogavit
574 4514 762 4572 canonicum
789 4513 858 4591 ipse
882 4513 965 4572 dnus
988 4512 1183 4593 Episcopus,
1209 4533 1249 4573 an
1275 4511 1451 4592 aliquando
1477 4531 1536 4592 pro
1557 4511 1611 4572 tali
1629 4511 1761 4570 crimine
1785 4518 1817 4568 et
1834 4526 1969 4569 excessu

420 4635 480 4695 per
504 4617 768 4697 predecessorem
794 4639 852 4679 sue
877 4619 975 4680 Ptis..
1002 4619 1115 4682 luisset
1146 4632 1323 4695 correctus;
1355 4619 1505 4698 idemque
1537 4619 1712 4678 canonicus
1743 4615 1911 4695 respondit
1934 4633 1970 4674 se

421 4721 522 4784 semel
544 4725 607 4784 iam
634 4745 692 4803 pro
709 4725 823 4787 eodem
849 4727 981 4786 crimine
1006 4725 1102 4788 fuisse
1126 4737 1317 4788 correctum.
1341 4727 1385 4788 Et
1401 4729 1471 4804 ipse
1490 4724 1592 4786 Rmus
1610 4735 1704 4804 pater
1720 4732 1857 4792 attento,
1882 4720 1969 4800 quod

420 4831 482 4889 iam
508 4851 592 4910 pena
618 4833 798 4911 pecuniaria
824 4831 917 4894 fuerit
941 4835 1129 4914 castigatus,
1159 4833 1311 4894 inherens
1335 4834 1465 4896 statutis
1495 4853 1551 4894 sue
1576 4831 1712 4892 ecclesie
1742 4831 1804 4907 ipsi
1828 4827 1970 4908 peniten-

421 4937 503 4996 ciam
528 4939 664 5000 carceris
688 4938 716 5000 II
741 4941 898 5000 mensium
931 4939 982 5000 hic
1007 4943 1037 5000 in
1063 4939 1283 5002 Polthoviensi
1316 4953 1424 5002 castro
1450 4939 1668 5020 peragendam
1693 4936 1863 4996 iniunxit..
1888 4933 1969 4994 infra

420 5043 495 5104 hinc
519 5044 582 5105 etI
607 5065 751 5107 mensem
778 5047 888 5126 peragi
915 5047 1130 5127 incipiendam
1156 5057 1188 5109 et
1209 5047 1469 5116 continuandam,
1494 5057 1529 5108 ut
1545 5065 1604 5126 per
1621 5061 1766 5104 mensem
1791 5041 1970 5120 conpositis

421 5152 517 5212 rebus
541 5153 607 5214 suis
631 5173 793 5216 carcerem
819 5156 1024 5236 ingrediatur,
1049 5157 1265 5236 penitenciam
1290 5156 1464 5217 iniunctam
1489 5155 1766 5214 continuaturus..

633 5343 674 5406 A.
706 5347 795 5427 1467,
821 5343 974 5408 Octobris
997 5363 1026 5424 9,
1051 5349 1082 5406 in
1107 5344 1341 5408 Czarnostowo
1365 5344 1397 5404 in
1421 5346 1508 5404 curia
1532 5341 1718 5422 episcopali.

529 5467 589 5536 85.
614 5471 711 5551 (Acta
736 5473 834 5551 episc.
852 5471 907 5550 ll..
932 5469 1058 5532 Nobilis
1083 5471 1220 5532 lacobus
1244 5469 1284 5530 de
1303 5467 1481 5542 Othoczna,
1509 5467 1698 5547 prolocutor
1723 5477 1754 5526 et
1780 5476 1970 5546 procurator

421 5598 510 5658 per..
535 5580 633 5642 dnum
652 5577 838 5649 Stiborium
864 5581 1055 5658 episcopum
1081 5577 1271 5638 Plocensem
1297 5577 1338 5638 ad
1355 5597 1429 5637 suas
1446 5595 1561 5638 causas
1585 5575 1672 5655 apud
1689 5583 1760 5635 acta
1777 5574 1970 5634 constitutus

420 5705 529 5747 coram
547 5687 646 5748 nobili
663 5686 840 5756 Iasczoldo,
864 5687 1026 5747 advocato
1042 5687 1084 5746 de
1101 5684 1254 5754 Bissewo,
1271 5683 1383 5758 iudice,
1402 5703 1460 5762 per
1475 5683 1574 5744 dnum
1592 5681 1792 5762 Episcopum
1811 5677 1969 5759 prefatum
