4458 6674
948 715 1037 767 ANNI
1055 713 1134 770 1508.
1758 725 1817 800 127

268 811 300 816 -.
309 809 424 816 -.--..--
430 809 530 816 ..u-0...-

263 930 304 994 de
329 929 397 992 aliis
422 951 526 1011 usque
551 931 592 992 ad
609 929 792 1002 duodecim,
818 951 880 1010 que
904 951 1019 992 omnes
1043 930 1166 993 debent
1191 951 1263 993 esse
1287 929 1483 1012 holczangk,·
1507 941 1540 992 et
1557 931 1642 993 idern
1660 950 1817 1012 organum

264 1057 382 1100 novum
408 1038 612 1099 consumabit
638 1037 805 1117 profesto
830 1037 1018 1100 Natiuitatis
1042 1036 1107 1099 Dni
1123 1035 1238 1100 MDIX
1262 1037 1435 1110 exclusive,
1460 1037 1659 1118 habebitque
1684 1038 1818 1100 solucio-

264 1163 335 1204 nem
361 1163 486 1206 summe
510 1143 636 1225 prefate
662 1145 724 1205 hoc
742 1145 851 1206 modo:
878 1147 910 1206 in
929 1145 1085 1224 principio
1110 1145 1229 1206 laboris
1254 1147 1302 1206 sui
1318 1144 1351 1206 V
1368 1146 1501 1226 recipiet
1526 1163 1717 1225 sexagenas
1743 1157 1818 1225 post

263 1249 295 1312 X
311 1252 510 1330 septimanas
534 1253 729 1333 aprincipio
754 1251 873 1314 laboris
889 1253 1036 1333 inceptas
1053 1252 1093 1320 V.
1119 1253 1249 1314 tandem
1276 1250 1375 1330 lapsis
1399 1252 1589 1330 septimanis
1606 1252 1675 1313 aliis
1700 1253 1819 1332 primas

263 1359 375 1419 decern
410 1358 596 1419 immediate
628 1380 663 1420 se
687 1359 899 1437 sequentibus
931 1361 1010 1422 alias
1035 1359 1066 1422 V
1091 1377 1287 1440 sexagenas;
1318 1360 1431 1421 iterum
1464 1369 1539 1438 post
1563 1358 1595 1420 X
1619 1360 1819 1439 septimanas

263 1463 340 1526 alias
365 1465 404 1534 V,
437 1475 469 1527 et
495 1479 662 1545 postremo
687 1477 764 1546 post
786 1465 987 1546 completum
1012 1469 1043 1526 in
1068 1477 1141 1529 toto
1167 1468 1309 1530 laborem
1336 1465 1433 1527 XXX
1457 1465 1601 1527 residuas
1630 1485 1818 1546 sexagenas.

477 1657 518 1724 A.
548 1661 639 1738 1508,
664 1656 819 1721 Octobris
844 1677 872 1736 4,
898 1662 928 1720 in
954 1662 1151 1722 consistorio
1174 1659 1331 1723 Plocensi.

371 1778 585 1862 275.’(Acta
609 1783 691 1844 ollic.
716 1783 815 1864 llal..
849 1782 965 1844 Omnia
990 1795 1023 1846 et
1048 1785 1173 1865 singula
1197 1798 1269 1847 acta
1294 1786 1431 1846 acticata
1457 1804 1567 1845 coram
1592 1783 1727 1844 diversis
1752 1781 1819 1844 offi-

263 1887 395 1950 cialibus
427 1888 638 1952 Plocensibus
669 1863 852 1952 sdccessive
886 1890 972 1953 lacta
1003 1901 1193 1954 cremata
1224 1904 1264 1954 et
1296 1893 1537 1972 incinerata
1570 1903 1644 1953 sunt
1669 1910 1819 1969 novaque

265 2015 372 2056 coram
405 2017 513 2058 vener.
539 2000 609 2058 viro
640 1998 706 2060 dno
735 1997 855 2059 lacobo
887 1997 1034 2076 Czyolek
1065 1999 1106 2061 de
1131 1998 1354 2079 Lippowyecz
1388 2000 1544 2060 canonico
1576 2009 1609 2060 et
1634 1999 1741 2060 Rmi..
1767 1997 1819 2058 dni

265 2102 389 2162 Erasini
423 2101 461 2164 D.
486 2125 515 2182 g.
541 2105 687 2185 episcopi
713 2104 879 2165 Plocensis
910 2107 941 2165 in
966 2103 1192 2185 Spiritualibus
1224 2107 1343 2168 vicario
1375 2117 1408 2168 et
1432 2105 1559 2168 officiali
1584 2105 1725 2185 generali
1751 2103 1819 2165 Plo·

263 2210 349 2270 censi
375 2208 505 2270 feliciori
531 2212 676 2290 auspicio
701 2214 867 2291 incipiunt.

476 2403 517 2464 A.
547 2403 638 2482 1508,
665 2401 820 2465 Octobris
850 2405 895 2477 16,
920 2407 951 2465 in
976 2407 1171 2467 consistorio
1196 2405 1350 2466 Plocensi.

369 2523 459 2591 276.
491 2527 589 2609 (Acta
614 2526 696 2590 offic.
723 2528 796 2610 lla).
829 2529 863 2590 ln
888 2549 1016 2590 causa..
1042 2530 1096 2591 dni
1120 2528 1247 2590 Nicolai
1273 2528 1468 2591 Gutkowslri
1493 2529 1674 2590 baccallarii
1706 2537 1819 2590 contra

262 2633 403 2694 nobilem
429 2634 583 2696 Iacobum
600 2635 641 2696 de
660 2635 795 2716 Zunycz‚
821 2637 937 2696 nobilis
962 2636 1131 2697 lacobus..
1157 2635 1348 2716 reproduxit
1372 2638 1620 2717 proposiciones
1642 2637 1819 2716 inscriptis

263 2751 374 2802 contra
399 2743 504 2820 ipsum
530 2742 632 2804 factas
648 2743 770 2804 tenoris
794 2741 926 2803 inferius
950 2744 1070 2814 inserti,
1089 2755 1205 2818 petens
1229 2764 1285 2804 eas
1302 2745 1382 2804 actis
1400 2745 1495 2804 inseri
1512 2753 1647 2824 propter
1671 2761 1820 2804 crema·

263 2847 424 2907 cionem
459 2848 679 2920 librorum,
713 2869 793 2929 quas
818 2851 968 2910 dominus
992 2849 1181 2912 inserendas
1205 2850 1361 2928 deci·evit;
1392 2860 1425 2911 et
1449 2851 1567 2912 ibidem
1594 2850 1678 2911 idern
1703 2849 1820 2911 nobilis

263 2951 491 3018 satisfaciendo
524 2957 661 3016 termino
698 2957 737 3017 ad
764 2958 1024 3036 respondendum
1061 2958 1182 3018 eisdem
1216 2957 1500 3038 proposicionibus
1534 2955 1695 3039 allegavit,
1731 2956 1819 3035 quod

263 3056 445 3122 huiusmodi
470 3083 567 3124 cause
592 3073 624 3124 et
650 3065 896 3144 proposiciones
920 3076 1032 3124 contra
1051 3058 1130 3125 ¹eum
1157 3063 1240 3126 laete
1266 3076 1339 3126 sunt
1364 3075 1397 3124 et
1423 3065 1586 3144 pertinent
1611 3063 1651 3124 ad
1668 3066 1716 3124 ius
1732 3082 1820 3124 secu.

264 3166 336 3239 lare,
369 3180 486 3244 petens
510 3190 545 3231 se
570 3171 689 3232 remitti
714 3191 785 3230 curn
812 3171 933 3232 eisdem
959 3173 1064 3232 causis
1089 3172 1129 3232 ad
1154 3173 1203 3232 ius
1227 3172 1380 3232 seculare.
1422 3169 1464 3232 Et
1488 3171 1671 3232 dominus..
1696 3169 1820 3230 remisit

264 3286 405 3336 actorem
431 3297 503 3336 curn
530 3298 585 3338 reo
609 3278 649 3338 ad
669 3278 715 3338 ius
740 3277 883 3338 seculare
909 3299 968 3356 pro
994 3278 1117 3338 iusticia
1141 3279 1260 3338 ibidem
1286 3278 1498 3338 obtinenda..
1523 3277 1633 3339 Tenor
1651 3297 1730 3337 vero
1748 3297 1817 3356 pro·

264 3383 474 3459 posicionum‚
500 3383 540 3444 de
564 3385 679 3462 quibus
704 3404 802 3464 supra
826 3387 962 3456 mencio,
987 3387 1133 3464 sequitur
1158 3395 1190 3446 et
1215 3395 1266 3446 est
1290 3384 1376 3446 talis:

369 3487 410 3550 A.
436 3489 475 3550 D.
500 3489 656 3564 MDVlIl,
682 3491 733 3552 die
757 3511 835 3552 vero
860 3490 952 3552 Lune
976 3487 1034 3550 114*ι
1059 3512 1100 3554 rn.
1119 3490 1272 3555 Octobris
1295 3495 1327 3554 in
1351 3511 1450 3552 causa
1477 3490 1592 3552 nobilis
1615 3491 1668 3553 dni
1695 3491 1818 3552 Nicolai

263 3595 303 3656 de
327 3592 492 3657 Gutkowo
516 3595 698 3659 baccallarii
723 3608 756 3659 et
773 3609 846 3658 actu
872 3598 1041 3675 presbiteri
1067 3613 1179 3662 contra
1204 3601 1345 3662 nobilem
1372 3599 1524 3660 Iacobum
1547 3601 1587 3658 de
1603 3598 1731 3680 Zanycz
1750 3619 1819 3677 pro-

263 3703 371 3779 posuit
395 3703 504 3778 verbo,
529 3706 604 3784 quia
620 3706 690 3786 ipse
708 3705 824 3766 nobilis
847 3704 985 3766 lacobus
1004 3709 1144 3785 receptis
1161 3711 1257 3768 certis
1275 3709 1390 3768 litteris
1407 3727 1425 3768 a
1442 3705 1481 3766 R.
1498 3705 1567 3767 Mte
1584 3707 1659 3766 olim
1677 3705 1820 3766 iohanne

263 3805 404 3870 Alberto
428 3810 628 3890 superbona
646 3811 745 3892 ipsius
762 3810 887 3874 Nicolai
913 3811 1061 3875 videlicet
1079 3814 1110 3872 in
1128 3813 1202 3872 bina
1220 3810 1386 3874 Gutkowo
1411 3825 1443 3875 et
1461 3812 1607 3892 Somany
1631 3814 1820 3893 surrepticie

262 3926 295 3976 et
320 3915 398 3977 alias
423 3936 466 3976 ex
489 3927 578 3977 certa
603 3921 816 3981 accusacione
841 3922 940 4000 ipsius
967 3918 1100 3991 Nicolai,
1126 3919 1213 3998 quod
1239 3921 1309 4000 ipse
1334 3941 1399 3980 non
1417 3922 1637 4000 expedivisset
1663 3940 1706 3980 ex
1722 3920 1817 3980 bonis

263 4021 395 4102 prelatis
419 4023 460 4084 ad
485 4023 638 4086 bellum
671 4039 822 4088 eontra
848 4025 1066 4088 Valachos
1090 4045 1162 4086 curn
1187 4026 1226 4088 R.
1252 4025 1328 4098 tlte,
1354 4047 1425 4086 curn
1450 4037 1559 4088 tamen
1584 4028 1667 4088 idem
1693 4027 1817 4088 baccal-

263 4125 358 4189 larius
390 4131 603 4210 expediverat
634 4153 823 4212 germanum
858 4154 948 4194 suum
982 4132 1124 4194 nobilem
1150 4130 1346 4194 Stanislaum
1380 4154 1420 4193 ex
1445 4133 1595 4194 omuibus
1618 4133 1720 4204 bonis,
1753 4152 1816 4212 que

262 4234 349 4296 bona
373 4236 478 4299 adhuc
501 4239 585 4299 inter
608 4239 699 4319 ipsos
724 4237 838 4301 iratres
863 4249 937 4301 sunt
960 4238 1106 4307 indivisa.
1132 4249 1164 4300 et
1189 4241 1285 4300 alium
1304 4239 1432 4300 fratrem
1459 4259 1649 4319 germanum
1674 4237 1815 4300 nobilem

264 4341 437 4404 Iohannem
472 4346 591 4406 ibidem
623 4345 736 4406 habuit
768 4347 798 4405 in
823 4345 910 4406 bello
935 4344 1070 4426 prefato,
1104 4347 1156 4424 qui
1181 4347 1318 4407 Iacobus
1350 4346 1409 4406 hiis
1442 4366 1506 4406 non
1539 4347 1673 4406 attentis
1704 4348 1816 4426 vigore

265 4450 460 4528 prefatarum
485 4451 662 4514 litterarum
687 4455 811 4533 recepit
835 4472 932 4532 super
956 4473 996 4515 eo
1013 4451 1123 4513 XVIll
1147 4473 1330 4531 sexagenas
1355 4453 1478 4512 numeri
1503 4451 1677 4512 solidorum
1702 4465 1815 4512 contra

264 4555 369 4618 Deum
394 4569 427 4620 et
450 4560 641 4622 iusticiam..
668 4571 782 4637 petens
806 4579 878 4622 eurn
904 4560 977 4638 cogi
1002 4560 1043 4619 ad
1061 4561 1301 4621 restitucionem
1327 4559 1524 4640 prelatarum
1548 4557 1658 4619 XVIll
1683 4577 1815 4638 sexage-

263 4685 383 4728 narum.
424 4665 505 4728 ltem
533 4669 703 4748 proposuit
735 4678 848 4728 contra
879 4669 1019 4728 eundem
1052 4668 1150 4727 dnum
1176 4666 1338 4739 iacobum,
1371 4669 1445 4745 quia
1470 4667 1539 4745 ipse
1564 4685 1649 4724 anno
1674 4665 1812 4725 currenti

263 4772 341 4836 seria
363 4773 421 4836 V²²
450 4795 541 4856 prox.
566 4775 723 4854 preterita
754 4775 863 4835 citavit
887 4775 1026 4835 eundem
1052 4775 1150 4834 dnum
1175 4772 1389 4833 baccalarium
1421 4772 1460 4832 ad
1486 4773 1534 4832 ius
1558 4769 1710 4840 seculare,
1742 4791 1813 4831 curn

264 4891 311 4944 est
335 4893 409 4943 actu
433 4881 602 4962 presbiter,
635 4891 669 4942 et
694 4882 811 4942 ibidem
843 4880 917 4942 lecit
942 4881 1145 4962 diligenciam
1176 4882 1209 4941 in
1233 4883 1299 4941 iure
1325 4880 1468 4956 seculari,
1501 4880 1553 4959 qui
1579 4879 1815 4940 condemnatus

264 5000 313 5050 est
344 4991 375 5050 in
401 4990 496 5051 certis
521 4989 614 5068 penis
647 4989 747 5049 eciam
781 4999 893 5050 contra
925 4988 1151 5048 inhibicionem
1184 4989 1216 5048 in
1240 4989 1308 5048 iure
1332 4985 1467 5048 seculari
1492 4984 1625 5060 factam;
1660 4986 1814 5057 iniuriam,

264 5095 415 5156 damnum
440 5107 473 5156 et
497 5096 652 5157 iacturam
677 5097 747 5176 ipse
771 5095 981 5156 baccallarius
1004 5095 1142 5157 extimat
1166 5093 1207 5154 ad
1225 5093 1251 5156 C
1268 5093 1333 5154 llor.
1358 5093 1509 5174 Hungar.,
1534 5102 1650 5172 petens
1674 5092 1812 5152 eundem

264 5203 469 5264 condemnari
494 5223 662 5283 penasque
688 5212 719 5264 et
736 5203 851 5262 iudicia
876 5201 1033 5262 secularia
1058 5200 1142 5263 lacta
1159 5210 1274 5263 contra
1290 5220 1363 5261 eum
1382 5198 1498 5260 nulla..
1522 5209 1677 5280 tanquam
1701 5207 1814 5259 contra

264 5310 510 5389 presbiterum..
535 5309 770 5391 pronunciari..

477 5503 517 5564 A.
547 5505 637 5582 1508,
662 5499 816 5564 Octobris
842 5517 891 5579 30,
916 5504 947 5562 in
973 5501 1167 5563 consistorio
1191 5498 1348 5561 Plocensi.

370 5624 460 5692 277.
484 5626 583 5708 (Acta
607 5625 689 5688 olfic.
707 5625 782 5706 Ila).
807 5627 841 5688 ln
866 5645 965 5686 causa
988 5623 1087 5686 officii
1110 5635 1225 5686 contra
1248 5622 1363 5684 honor.
1387 5621 1555 5684 Andream
1580 5621 1755 5702 plebanum
1782 5625 1812 5682 in

267 5733 409 5814 Ligow0‚
433 5733 546 5794 honor.
566 5733 768 5814 Augustinus
785 5733 826 5794 de
842 5731 1073 5812 Wyschegrad
1090 5741 1283 5812 procurator
1298 5729 1402 5801 olficii,
1419 5731 1518 5792 citato
1535 5728 1623 5791 dicto
1641 5727 1813 5809 plebano..
